=LDR  01838nam a2200373Mi 4500
=001  4214795
=003  NjP
=006  m\\\\\\\\d\\\\\\\\
=007  cr\cn\|||m|||a
=008  200430q1950\\\\sy\\\\\\ob\\\\000\0\ara\d
=024  7\$aprinceton_aco003770$2local
=040  \\$aZYU$bara$cZYU
=043  \\$aa-sy---
=050  \4$aKMU379.5$b.A33 1949
=110  1\$6880-01$aSyria.$bWizārat al-ʻAdl.$0http://id.loc.gov/authorities/names/n83056226
=245  10$6880-02$aQānūn al-ʻuqūbāt$h[electronic resource] :$bal-ṣādir bi-tārīkh 22 Ḥazīrān sanat 1949.
=260  \\$6880-03$a[Syria] :$bal-Maṭbaʻah wa-al-Jarīdah al-Rasmīyah,$c[195-?]
=300  \\$aonline resource (184 p.)
=500  \\$aPart of the Arabic Collections Online (ACO) project, contributed by Princeton University Libraries.
=504  \\$aIncludes bibliographical references.
=533  \\$aElectronic reproduction.$bNew York, N.Y. :$cNew York University,$d2020.$5NNU
=650  \0$aCriminal law$zSyria.
=710  2\$aPrinceton University.$bLibrary.
=730  0\$aArabic Collections Online.
=776  08$iPrint version:$aSyria. Wizārat al-ʻAdl. http://id.loc.gov/authorities/names/n83056226$tQānūn al-ʻuqūbāt$w(NjP)4214795
=856  40$uhttp://hdl.handle.net/2333.1/tqjq2nmf 
=880  1\$6110-01$aسوريا.$bوزارة العدل.$0http://id.loc.gov/authorities/names/n83056226
=880  10$6245-02$aقانون العقوبات :$bالصادر بتاريخ 22 حزيران سنة 1949.
=880  \\$6260-03$a[سوريا] :$bالمطبعة والجريدة الرسمية،$c[195؟]
=904  \\$allb$bo$hn$cb$e20040813
=902  \\$akc$bo$7m$dv$f1$e20060613
=959  \\$a2004-09-01 11:35:06 -0400
=959  \\$aNNU$bWEB$cGENI$t0$mElectronic access$s01
=999  \\$iNjP_4214795$sprinceton_aco003770:$e(ERROR-880)$sprinceton_aco003770:

