=LDR  02840nam a2200505Mi 4500
=001  673036
=003  NjP
=006  m\\\\\\\\d\\\\\\\\
=007  cr\cn\|||m|||a
=008  200430s1989\\\\ir\a\\\\ob\\\\001\0\ara\d
=024  7\$aprinceton_aco002817$2local
=040  \\$aZYU$bara$cZYU
=050  00$aIN PROCESS
=245  00$6880-01$aTārīkh ahl al-bayt$h[electronic resource] :$bnaqlan ʻan al-aʾimmah al-Bāqir wa-al-Ṣādiq wa-al-Riḍā wa-al-ʻAskarī ʻan ābāʾihim /$cwa-bi-riwāyat Naṣr al-Jahḍamī ... [et al.] ; taḥqīq Muḥammad Riḍā al-Ḥusaynī.
=250  \\$6880-02$aal-Ṭabʻah 1.
=260  \\$6880-03$aQum :$bMuʾassasat Āl al-Bayt li-Iḥyāʾ al-Turāth,$c1410 [1989]
=300  \\$aonline resource (227 p.) :$bill.
=490  1\$6880-04$aMuʼassasat Āl al-Bayt li-Iḥyāʼ al-Turāth ;$v80
=490  1\$6880-05$aSilsilat maṣādir Biḥār al-anwār ;$v10
=500  \\$aOn the occasion of the 300th anniversary of the death of al-Majlisī, 1110 H.
=500  \\$aErrata leaf inserted.
=500  \\$aPart of the Arabic Collections Online (ACO) project, contributed by Princeton University Libraries.
=504  \\$aIncludes bibliographical references (p. 219-223) and indexes.
=533  \\$aElectronic reproduction.$bNew York, N.Y. :$cNew York University,$d2020.$5NNU
=600  00$aMuḥammad,$cProphet,$dd. 632$xCompanions.
=700  1\$6880-06$aḤusaynī, Muḥammad Riḍā.
=710  2\$aPrinceton University.$bLibrary.
=730  0\$aArabic Collections Online.
=776  08$iPrint version:$tTārīkh ahl al-bayt$w(NjP)673036$w(DLC)   90969765  
=830  \0$6880-07$aSilsilat maṣādir Biḥār al-anwār ;$v10.
=830  \0$6880-08$aMuʼassasat Āl al-Bayt li-Iḥyāʼ al-Turāth (Series) ;$v80.
=856  40$uhttp://hdl.handle.net/2333.1/r4xgxps3 
=880  00$6245-01$aتاريخ اهل البيت :$bنقلا عن الائمة الباقر والصادق والرضا والعسكري عن ابائهم /$cتحقيق مؤسسة آل البيت عليهم السلام لاحياء التراث.
=880  \\$6250-02$aالطبعة 1.
=880  \\$6260-03$aقم :$bمؤسسة آل البيت لااحياء التراث، $c1410 [1989]
=880  1\$6490-04$aمؤسسة آل البيت لااحياء التراث ؛$v80 
=880  1\$6490-05$aسلسلة مصادر بحار الانوار ؛$v10
=880  1\$6700-06$aحسيني، محمد رضا.
=880  \0$6830-07$aسلسلة مصادر بحار الانوار ؛$v10.
=880  \0$6830-08$aمؤسسة آل البيت لااحياء التراث  ؛$v80.
=911  \\$a19921028
=912  \\$a19910924000000.0
=959  \\$a2000-06-13 00:00:00 -0500
=959  \\$aNNU$bWEB$cGENI$t0$mElectronic access$s01
=999  \\$iNjP_673036$sprinceton_aco002817$e(ERROR-880)$sprinceton_aco002817

