=LDR  01773nam a2200385Mi 4500
=001  1407137
=003  NjP
=006  m\\\\\\\\d\\\\\\\\
=007  cr\cn\|||m|||a
=008  200430s1954\\\\sy\\\\\\o\\\\\000\0\ara\d
=040  \\$aZYU$bara$erda$cZYU
=043  \\$aa-sy---
=050  \4$aDS98.3$b.A862
=100  1\$6880-01$aAtāsī, ʻAdnān.
=245  10$6880-02$aAzmat al-ḥukm fī Sūriyah /$cʻAdnān al-Atāsī.
=260  \\$6880-03$aḤimṣ :$bMaṭbaʻat wa zinkūghrāf al-maytam al-islāmī,$c1954.
=300  \\$aonline resource (159 pages)
=336  \\$atext$2rdacontent
=337  \\$acomputer$2rdamedia
=338  \\$aonline resource$2rdacarrier
=500  \\$aPart of the Arabic Collections Online (ACO) project, contributed by Princeton University Libraries.
=533  \\$aElectronic reproduction.$bNew York, N.Y. :$cNew York University,$d2020.$5NNU
=651  \0$aSyria$xPolitics and government.
=650  \7$aPolitics and government$2fast$0(OCoLC)fst01919741
=651  \7$aSyria.$2fast$0(OCoLC)fst01208757
=710  2\$aPrinceton University.$bLibrary.
=730  0\$aArabic Collections Online.
=776  08$iOnline version:$tAzmat al-hukm fi Suriyah.$dHims, 1954$w(OCoLC)551396247
=776  08$iPrint version:$aAtāsī, ʻAdnān.$tAzmat al-ḥukm fī Sūriyah$w(NjP)1407137$w(OCoLC)23519119
=856  40$uhttp://hdl.handle.net/2333.1/stqjqc4p 
=880  1\$6100-01$aاتاسي، عدنان.
=880  10$6245-02$aأزمة الحكم في سورية /$cعدنان الاتاسي.
=880  \\$6260-03$aحمص :$bمطبعة و زنكوغراف الميتم الاسلامي،$c1954.
=959  \\$aNNU$bWEB$cGENI$t0$mElectronic access$s01
=999  \\$iNjP_1407137$o(OCoLC)ocm23519119$sprinceton_aco004299:$e(ERROR-880)$sprinceton_aco004299:

