=LDR  02185nam a2200421Mi 4500
=001  2763160
=003  NjP
=006  m\\\\\\\\d\\\\\\\\
=007  cr\cn\|||m|||a
=008  200430s1963\\\\sy\\\\\\ob\\\\000\0\arard
=040  \\$aZYU$bara$erda$cZYU
=050  \4$aBP179$b.N25
=100  1\$6880-01$aNasīmī, Maḥmūd Nāẓim.
=245  13$6880-02$aal-Ṣiyām bayna al-ṭibb wa-al-Islām /$cMaḥmūd Nāẓim al-Nasīmī.
=250  \\$6880-03$a[al-Ṭabʻah 1].
=260  \\$6880-04$a[Aleppo] :$bal-Lajnah al-ʻIlmīyah li-Niqābat Aṭibbāʼ Ḥalab,$c[1963]
=300  \\$aonline resource (80 pages)
=336  \\$atext$2rdacontent
=337  \\$acomputer$2rdamedia
=338  \\$aonline resource$2rdacarrier
=500  \\$aPart of the Arabic Collections Online (ACO) project, contributed by Princeton University Libraries.
=504  \\$aIncludes bibliographical references (page 77).
=533  \\$aElectronic reproduction.$bNew York, N.Y. :$cNew York University,$d2020.$5NNU
=650  \0$aFasting$xReligious aspects$xIslam.
=650  \0$aRamadan.
=650  \7$aFasting$xReligious aspects$xIslam.$2fast$0(OCoLC)fst00921734
=650  \7$aRamadan.$2fast$0(OCoLC)fst01089664
=710  2\$aPrinceton University.$bLibrary.
=730  0\$aArabic Collections Online.
=776  08$iOnline version:$aNasīmī, Maḥmūd Nāẓim.$tṢiyām bayna al-ṭibb wa-al-Islām.$b[al-Ṭabʻah 1].$d[Aleppo] : al-Lajnah al-ʻIlmīyah li-Niqābat Aṭibbāʼ Ḥalab, [1963]$w(OCoLC)551594331
=776  08$iPrint version:$aNasīmī, Maḥmūd Nāẓim.$tal-Ṣiyām bayna al-ṭibb wa-al-Islām$w(NjP)2763160$w(DLC)ne 67000242 $w(OCoLC)23518839
=856  40$uhttp://hdl.handle.net/2333.1/jwstqvdq 
=880  1\$6100-01$aنسيمي، محمود ناظم.
=880  12$6245-02$aالصيام بين الطب والاسلام /$cمحمود ناظم النسيمي. 
=880  \\$6250-03$a[الطبعة 1].
=880  \\$6260-04$a[حلب] :$bاللجنة العلمية لنقابة اطباء حلب،$c[1963]
=959  \\$aNNU$bWEB$cGENI$t0$mElectronic access$s01
=999  \\$iNjP_2763160$o(OCoLC)ocm23518839$sprinceton_aco003330:$e(ERROR-880)$sprinceton_aco003330:

