=LDR  01880nam a2200385Mi 4500
=001  903612
=003  NjP
=006  m\\\\\\\\d\\\\\\\\
=007  cr\cn\|||m|||a
=008  200430s1988\\\\ir\\\\\\ob\\\\000\0\ara\d
=040  \\$aZYU$bara$erda$cZYU
=050  14$aBP193.14$b.Q87 1988
=100  1\$6880-01$aQurashī, Bāqir Sharīf.
=245  10$6880-02$aḤayat al-Imām Zayn al-ʻĀbidīn :$bdirāsah wa-taḥlīl /$cBāqir Sharīf al-Qurashī.
=250  \\$6880-03$aal-Ṭabʻah 1.
=260  \\$6880-04$aQum, Īrān :$bDār al-Kitāb al-Islāmī,$c1988.
=300  \\$aonline resource (2 volumes in 1)
=336  \\$atext$2rdacontent
=337  \\$acomputer$2rdamedia
=338  \\$aonline resource$2rdacarrier
=500  \\$aPart of the Arabic Collections Online (ACO) project, contributed by Princeton University Libraries.
=504  \\$aIncludes bibliographical references.
=533  \\$aElectronic reproduction.$bNew York, N.Y. :$cNew York University,$d2020.$5NNU
=600  00$aZayn al-ʻĀbidīn ʻAlī ibn al-Ḥusayn,$d-710?
=600  07$aZayn al-ʻĀbidīn ʻAlī ibn al-Ḥusayn,$d-710?$2fast$0(OCoLC)fst01859740
=710  2\$aPrinceton University.$bLibrary.
=730  0\$aArabic Collections Online.
=776  08$iPrint version:$aQurashī, Bāqir Sharīf.$tḤayat al-Imām Zayn al-ʻĀbidīn$w(NjP)903612$w(OCoLC)30887393
=856  40$uhttp://hdl.handle.net/2333.1/7pvmd53h 
=880  1\$6100-01$aقرشي، باقر شريف.
=880  10$6245-02$aحياة الامام زين العابدين :$bدراسة وتحليل /$cباقر شريف القرشي.
=880  \\$6250-03$aالطبعة 1.
=880  \\$6260-04$aقم، ايران :$bدار الكتاب الاسلامي،$c1988.
=959  \\$aNNU$bWEB$cGENI$t0$mElectronic access$s01
=999  \\$iNjP_903612$o(OCoLC)ocm30887393$sprinceton_aco003230$e(ERROR-880)$sprinceton_aco003230

