=LDR  03346nam a2200565Mi 4500
=001  2725713
=003  NjP
=006  m\\\\\\\\d\\\\\\\\
=007  cr\cn\|||m|||a
=008  200430s1969\\\\iq\abe\\o\\\\\000\0\arard
=040  \\$aZYU$bara$erda$cZYU
=043  \\$aa-iq---
=050  \4$aDS51.B3$bB34
=100  1\$6880-01$aJawād, Muṣṭafá,$d1905-1969
=245  10$6880-02$aBaghdād /$c[Muṣṭafá Jawād, Aḥmad Sūsah, et al.].
=260  \\$6880-03$a[Baghdad] :$bNiqābat al-Muhandisīn al-ʻIrāqīyah,$c1969.
=300  \\$aonline resource (488 pages) :$billustrations (some color), maps, plans
=336  \\$atext$2rdacontent
=337  \\$acomputer$2rdamedia
=338  \\$aonline resource$2rdacarrier
=500  \\$6880-04$a"Al-Buḥūth min iưdād al-Duktūr Muṣṭafá Jawād, al-Duktūr Aḥmad Sūsah, a-Duktūr Muḥammad Makkīyah, al-Ustādh Nājī Maʻrūf."
=500  \\$aPublished with the assistance of the Gulbenkian Foundation.
=500  \\$aPart of the Arabic Collections Online (ACO) project, contributed by Princeton University Libraries.
=505  0\$aTakhṭīṭ Baghdād fī mukhtalaf ʻuṣūrihā / Muṣṭafá Jawād, Aḥmad Sūsah -- Rayy Baghdād : qadīman wa-ḥadīthan / Aḥamad Sūsah -- al-Ḥayāh al-thaqāfīyah fī Baghdād / Nājī Maʻarūf -- Taṭawwurāt fann al-ʻimārah fī Baghdād / Muḥammad Makkīyah.
=533  \\$aElectronic reproduction.$bNew York, N.Y. :$cNew York University,$d2020.$5NNU
=651  \0$aBaghdad (Iraq)$xHistory
=651  \0$aBaghdad (Iraq)$xDescription and travel
=650  \7$aTravel.$2fast$0(OCoLC)fst01155558
=651  \7$aIraq$zBaghdad.$2fast$0(OCoLC)fst01207444
=655  \7$aHistory.$2fast$0(OCoLC)fst01411628
=700  1\$6880-05$aSousa, Ahmed.
=700  1\$6880-06$aMakiya, Mohamed.
=700  1\$6880-07$aMaʻrūf, Nājī.
=710  1\$6880-08$aNiqābat al-Muhandisīn al-ʻIrāqīyah.
=710  2\$aPrinceton University.$bLibrary.
=730  0\$aArabic Collections Online.
=776  08$iOnline version:$aJawād, Muṣṭafá, 1905-1969.$tBaghdād.$d[Baghdad] : Niqābat al-Muhandisīn al-ʻIrāqīyah, 1969$w(OCoLC)586075631
=776  08$iOnline version:$aJawād, Muṣṭafá, 1905-1969.$tBaghdād.$d[Baghdad] : Niqābat al-Muhandisīn al-ʻIrāqīyah, 1969$w(OCoLC)610080107
=776  08$iPrint version:$aJawād, Muṣṭafá, 1905-1969$tBaghdād$w(NjP)2725713$w(DLC)   79962227 $w(OCoLC)3859611
=856  40$uhttp://hdl.handle.net/2333.1/n5tb323h 
=880  1\$6100-01$aجواد، مصطفى،$d1905-1969
=880  10$6245-02$aبغداد /$c[مصطفى جواد، احمد سوسة، واخرون].
=880  \\$6260-03$a[بغداد] :$bنقابة المهندسين العراقية،$c1969.
=880  \\$6500-04$a"البحوث من اعداد الدكتور مصطفى جواد، الدكتور احمد سوسة، الدكتور محمد مكية، الاستاذ ناجي معروف."
=880  1\$6700-05$aسوسه، أحمد.
=880  1\$6700-06$aمكية، محمد.
=880  1\$6700-07$aمعروف، ناجي.
=880  1\$6710-08$aنقابة المهندسين العراقية.
=959  \\$aNNU$bWEB$cGENI$t0$mElectronic access$s01
=999  \\$iNjP_2725713$o(OCoLC)ocm03859611$sprinceton_aco002223$e(ERROR-880)$sprinceton_aco002223

