=LDR  02291nam a2200409Mi 4500
=001  2741737
=003  NjP
=006  m\\\\\\\\d\\\\\\\\
=007  cr\cn\|||m|||a
=008  200430s1950\\\\ua\abj\\ob\\\\000\0\arar\
=040  \\$aZYU$bara$erda$cZYU
=050  \4$aBP189.7.B32$bN85
=084  \\$a167.8$2njb/9
=100  1\$6880-01$aNūr al-Dīn, Ibrāhīm Aḥmad.
=245  10$6880-02$aḤayāt al-Sayyid al-Badawī :$bbaḥth fī al-tārīkh wa-al-taṣawwuf al-Islāmī /$cIbrāhīm Aḥmad Nūr al-Dīn.
=250  \\$6880-03$aal-Ṭabʻah 2.
=260  \\$6880-04$aTanṭāʼ :$bYuṭlab min al-Maktabah al-Tijārīyah al-Islāmīyah,$c1369 [1950]
=300  \\$aonline resource (166 pages) :$billustrations, maps, portrait
=336  \\$atext$2rdacontent
=337  \\$acomputer$2rdamedia
=338  \\$aonline resource$2rdacarrier
=500  \\$aPart of the Arabic Collections Online (ACO) project, contributed by Princeton University Libraries.
=504  \\$aIncludes bibliographical references (pages 162-166).
=533  \\$aElectronic reproduction.$bNew York, N.Y. :$cNew York University,$d2020.$5NNU
=600  10$aBadawī, Aḥmad,$d1200?-1276.
=600  17$aBadawī, Aḥmad,$d1200?-1276.$2fast$0(OCoLC)fst00117979
=710  2\$aPrinceton University.$bLibrary.
=730  0\$aArabic Collections Online.
=776  08$iOnline version:$aNūr al-Dīn, Ibrāhīm Aḥmad.$tḤayāt al-Sayyid al-Badawī.$bal-Ṭabʻah 2.$dTanṭāʼ yuṭlab min al-Maktabah al-Tijārīyah al-Islāmīyah, 1369 [1950]$w(OCoLC)639405670
=776  08$iPrint version:$aNūr al-Dīn, Ibrāhīm Aḥmad.$tḤayāt al-Sayyid al-Badawī$w(NjP)2741737$w(DLC)  74265038 $w(OCoLC)10218477
=856  40$uhttp://hdl.handle.net/2333.1/80gb5x8g 
=880  1\$6100-01$aنور الدين، ابراهيم أحمد.
=880  10$6245-02$aحياة السيد البدوي :$bبحث في التاريخ والتصوف الإسلامي /$cابراهيم أحمد نور الدين.
=880  \\$6250-03$aالطبعة 2.
=880  \\$6260-04$aطنطا :$bيطلب من المكتبة التجترية الاسلامية.$c‭1369 [1950]‬
=959  \\$aNNU$bWEB$cGENI$t0$mElectronic access$s01
=999  \\$iNjP_2741737$o(OCoLC)ocm10218477$sprinceton_aco003167$sprinceton_aco003167

