=LDR  01926nam a2200409Mi 4500
=001  269929
=003  NjP
=006  m\\\\\\\\d\\\\\\\\
=007  cr\cn\|||m|||a
=008  200430s1901\\\\ua\\\\\\o\\\\\000\0aarar\
=040  \\$aZYU$bara$erda$cZYU
=043  \\$ae------
=050  00$aD919$b.K43 1901
=100  1\$6880-01$aKhallāṭ, Nasīm.
=245  10$6880-02$aSi̇yāḥah fī gharbī ūrubbā /$cbi-qalam kātibihi Nasīm Khallāṭ.
=260  \\$6880-03$aMiṣr :$bMaṭbaʻat al-Muqtaṭaf,$c1901.
=300  \\$aonline resource (170 pages)
=336  \\$atext$2rdacontent
=337  \\$acomputer$2rdamedia
=338  \\$aonline resource$2rdacarrier
=500  \\$aPart of the Arabic Collections Online (ACO) project, contributed by Princeton University Libraries.
=533  \\$aElectronic reproduction.$bNew York, N.Y. :$cNew York University,$d2020.$5NNU
=651  \0$aEurope$xDescription and travel.
=600  10$aKhallāṭ, Nasīm$xTravel$zEurope.
=600  17$aKhallāṭ, Nasīm.$2fast$0(OCoLC)fst00197314
=650  \7$aTravel.$2fast$0(OCoLC)fst01155558
=651  \7$aEurope.$2fast$0(OCoLC)fst01245064
=710  2\$aPrinceton University.$bLibrary.
=730  0\$aArabic Collections Online.
=776  08$iOnline version:$aKhallāṭ, Nasīm.$tSi̇yāḥah fī gharbī ūrubbā$dMiṣr : Maṭbaʻat al-Muqtaṭaf, 1901$w(OCoLC)1102676047
=776  08$iPrint version:$aKhallāṭ, Nasīm.$tSi̇yāḥah fī gharbī ūrubbā$w(NjP)269929$w(DLC)   86960351 $w(OCoLC)16086183
=856  40$uhttp://hdl.handle.net/2333.1/sbcc2rhn 
=880  1\$6100-01$aخلاط، نسيم.
=880  10$6245-02$aسياحة في غربي اوربا /$cبقلم نسيم خلاط.
=880  \\$6260-03$aمصر :$bمطبعة المقتطف،$c1901.
=959  \\$aNNU$bWEB$cGENI$t0$mElectronic access$s01
=999  \\$iNjP_269929$o(OCoLC)ocm16086183$sprinceton_aco003972:$e(ERROR-880)$sprinceton_aco003972:

