=LDR  01900nam a2200361Mi 4500
=001  1672222
=003  NjP
=006  m\\\\\\\\d\\\\\\\\
=007  cr\cn\|||m|||a
=008  200430q19001989ua\\\\\\o\\\\\000\0\ara\d
=040  \\$aZYU$bara$erda$cZYU
=050  \4$aBL80$b.B13
=100  1\$6880-01$aBadawī, Aḥmad Zakī,$d1910-
=245  10$6880-02$aTārīkh al-taṭawwur al-dīnī /$ctaʼlīf Aḥmad Zakī Badawī
=260  \\$6880-03$aal-Qāhirah :$bMaṭba'at al-Majallah al-Jadīdah,$c[1925?]
=300  \\$aonline resource (62 pages)
=336  \\$atext$2rdacontent
=337  \\$acomputer$2rdamedia
=338  \\$aonline resource$2rdacarrier
=500  \\$aArabic.
=500  \\$aPart of the Arabic Collections Online (ACO) project, contributed by Princeton University Libraries.
=533  \\$aElectronic reproduction.$bNew York, N.Y. :$cNew York University,$d2020.$5NNU
=710  2\$aPrinceton University.$bLibrary.
=730  0\$aArabic Collections Online.
=776  08$iOnline version:$aBadawī, Aḥmad Zakī, 1910-$tTārīkh al-tatawwur al-dīnī.$dCairo Maṭbaʻat al-majallah al-jadīdah 19--?]$w(OCoLC)555286302
=776  08$iOnline version:$aBadawī, Aḥmad Zakī, 1910-$tTārīkh al-tatawwur al-dīnī.$dCairo Maṭbaʻat al-majallah al-jadīdah 19--?]$w(OCoLC)608871608
=776  08$iPrint version:$aBadawī, Aḥmad Zakī, 1910-$tTārīkh al-taṭawwur al-dīnī$w(NjP)1672222$w(OCoLC)23517082
=856  40$uhttp://hdl.handle.net/2333.1/6hdr83dd 
=880  1\$6100-01$aبدوي، احمد زكي،$d1910-
=880  10$6245-02$aتاريخ التطور الديني /$cتأليف احمد زكي بدوي
=880  \\$6260-03$aالقاهرة :$bمطبعة المجلة الجديدة،$c[1925؟]
=959  \\$aNNU$bWEB$cGENI$t0$mElectronic access$s01
=999  \\$iNjP_1672222$o(OCoLC)ocm23517082$sprinceton_aco004144:$e(ERROR-880)$sprinceton_aco004144:

