=LDR  01721nam a2200397Mi 4500
=001  266952
=003  NjP
=006  m\\\\\\\\d\\\\\\\\
=007  cr\cn\|||m|||a
=008  200430s1959\\\\sy\\\\\\o\\\\\000\0\arard
=040  \\$aZYU$bara$erda$cZYU
=043  \\$aa-sy---
=050  04$aHG1311.S95$bA65
=100  1\$6880-01$aʻAshshī, Jūrj.
=245  13$6880-02$aal-Niẓām al-naqdī fī Sūriyā /$c[taʼlīf] Jūrj ʻAshī.
=250  \\$6880-03$aal-Ṭabʻah 3.
=260  \\$6880-04$a[Dimashq] :$bMaṭbaʻat Jāmiʻat Dimashq,$c1959.
=300  \\$aonline resource (414 pages)
=336  \\$atext$2rdacontent
=337  \\$acomputer$2rdamedia
=338  \\$aonline resource$2rdacarrier
=500  \\$aPart of the Arabic Collections Online (ACO) project, contributed by Princeton University Libraries.
=533  \\$aElectronic reproduction.$bNew York, N.Y. :$cNew York University,$d2020.$5NNU
=650  \0$aMoney$zSyria.
=650  \7$aMoney.$2fast$0(OCoLC)fst01025265
=651  \7$aSyria.$2fast$0(OCoLC)fst01208757
=710  2\$aPrinceton University.$bLibrary.
=730  0\$aArabic Collections Online.
=776  08$iPrint version:$aʻAshshī, Jūrj.$tal-Niẓām al-naqdī fī Sūriyā$w(NjP)266952$w(DLC)ne 64003108 $w(OCoLC)83719097
=856  40$uhttp://hdl.handle.net/2333.1/1ns1rxwh 
=880  1\$6100-01$aعشي، جورج.
=880  12$6245-02$aالنظام النقدي في سوريا /$c[تأليف] جورج عشي.
=880  \\$6250-03$aالطبعة 3.
=880  \\$6260-04$a[دمشق] :$bمطبعة جامعة دمشق،$c1959.
=959  \\$aNNU$bWEB$cGENI$t0$mElectronic access$s01
=999  \\$iNjP_266952$o(OCoLC)ocm83719097$sprinceton_aco003779:$e(ERROR-880)$sprinceton_aco003779:

