=LDR  03150nam a2200553Mi 4500
=001  620413
=003  NjP
=006  m\\\\\\\\d\\\\\\\\
=007  cr\cn\|||m|||a
=008  200430m19889999ir\a\\\\ob\\\\001\0\ara\d
=040  \\$aZYU$bara$erda$cZYU
=050  \4$aBP194.2$b.K37 1988
=100  1\$6880-01$aMuḥaqqiq al-Thānī, ʻAlī ibn al-Ḥusayn,$d1463 or 1464-1533 or 1534.
=240  10$6880-02$aWorks.$kSelections.$f1988
=245  10$6880-03$aRasāʼil al-Muḥaqqiq al-Karakī /$ctaʼlīf al-Muḥaqqiq al-Thānī, ʻAlī ibn al-Ḥusayn al-Karakī ; taḥqīq Muḥammad al-Ḥassūn ; ishrāf Maḥmūd al-Marʻashī.
=250  \\$6880-04$aal-Ṭabʻah 1.
=260  \\$6880-05$aQum :$bMaktabat Āyat Allāh al-ʻUẓmá al-Marʻashī al-Najafī,$c1409- [1988 or 1989]-
=300  \\$aonline resource (volumes) :$billustrations
=336  \\$atext$2rdacontent
=337  \\$acomputer$2rdamedia
=338  \\$aonline resource$2rdacarrier
=490  1\$6880-06$aMakhṭūṭāt Maktabat Āyat Allāh al-Marʻashī al-ʻĀmmah ;$v33
=500  \\$aIn Arabic.
=500  \\$aTitle page partially vocalized.
=500  \\$aPart of the Arabic Collections Online (ACO) project, contributed by Princeton University Libraries.
=504  \\$aIncludes bibliographical references.
=533  \\$aElectronic reproduction.$bNew York, N.Y. :$cNew York University,$d2020.$5NNU
=650  \0$aIslam$xCustoms and practices.
=650  \0$aIslamic law.
=650  \7$aIslam$xCustoms and practices.$2fast$0(OCoLC)fst00979785
=650  \7$aIslamic law.$2fast$0(OCoLC)fst00979949
=700  1\$6880-07$aḤassūn, Muḥammad.
=700  1\$6880-08$aMarʻashī, Maḥmūd.
=710  2\$aPrinceton University.$bLibrary.
=730  0\$aArabic Collections Online.
=776  08$iPrint version:$aMuḥaqqiq al-Thānī, ʻAlī ibn al-Ḥusayn, 1463 or 1464-1533 or 1534.$tRasāʼil al-Muḥaqqiq al-Karakī$w(NjP)620413$w(OCoLC)22726170
=830  \0$6880-09$aMin makhṭūṭāt Maktabat Āyat Allāh al-Marʻashī al-ʻĀmmah ;$v33.
=856  40$uhttp://hdl.handle.net/2333.1/k6djhmjm 
=880  1\$6100-01$aمحقق الثاني، علي بن الحسين,$d1463 or 1464-1533 or 1534.
=880  10$6240-02$aمختارات
=880  10$6245-03$aرسائل المحقق الكركي /$cتأليف المحقق الثاني، علي بن الحسين الكركي ؛ تحقيق محمد الحسون ؛ اشراف محمود المرعشي.
=880  \\$6250-04$aالطبعة 1.
=880  \\$6260-05$aقم :$bمكتبة آية الله العظمى المرعشي النجفي،$c1409- [1988 or 1989]-
=880  1\$6490-06$aمخطوطات مكتبة آية الله المرعشي العامة ؛$v33
=880  1\$6700-07$aحسون، محمد.
=880  1\$6700-08$aمرعشي، محمود.
=880  \0$6830-09$aمن مخطوطات مكتبة آية الله المرعشي العامة ؛$v33.
=959  \\$aNNU$bWEB$cGENI$t0$mElectronic access$s01
=999  \\$iNjP_620413$o(OCoLC)ocm22726170$sprinceton_aco003947:v. 1$sprinceton_aco003948:v. 2$e(ERROR-880)$sprinceton_aco003947:v. 1$sprinceton_aco003948:v. 2

