=LDR  02193nam a2200421Mi 4500
=001  1684941
=003  NjP
=006  m\\\\\\\\d\\\\\\\\
=007  cr\cn\|||m|||a
=008  200430s1967\\\\iq\\\\\\o\\\\\000\0\ara\d
=040  \\$aZYU$bara$erda$cZYU
=050  \4$aBP166.2$b.S487 1951
=100  1\$6880-01$aSharaf al-Dīn, ʻAbd al-Ḥusayn.
=245  10$6880-02$aKalimah ḥawla al-ruʼyah ; wa, Falsafat al-mīthāq wa-al-wilāyah /$cbi-qalam ʻAbd al-Ḥusayn Sharaf al-Dīn.
=246  3\$6880-03$aFalsafat al-mīthāq wa-al-wilāyah
=260  \\$6880-04$aal-Najaf al-Ashraf :$bDār al-Nuʻmān lil-Ṭibāʻah wa-al-Nashr,$c1967.
=300  \\$aonline resource (92, 23 pages)
=336  \\$atext$2rdacontent
=337  \\$acomputer$2rdamedia
=338  \\$aonline resource$2rdacarrier
=500  \\$aPart of the Arabic Collections Online (ACO) project, contributed by Princeton University Libraries.
=533  \\$aElectronic reproduction.$bNew York, N.Y. :$cNew York University,$d2020.$5NNU
=650  \0$aGod (Islam)
=650  \0$aImamate.
=650  \7$aGod (Islam)$2fast$0(OCoLC)fst00944142
=650  \7$aImamate.$2fast$0(OCoLC)fst00967643
=700  1\$6880-05$aSharaf al-Dīn, ʻAbd al-Ḥusayn.$tFalsafat al-mīthāq.
=710  2\$aPrinceton University.$bLibrary.
=730  0\$aArabic Collections Online.
=776  08$iPrint version:$aSharaf al-Dīn, ʻAbd al-Ḥusayn.$tKalimah ḥawla al-ruʼyah ; wa, Falsafat al-mīthāq wa-al-wilāyah$w(NjP)1684941$w(OCoLC)33923282
=856  40$uhttp://hdl.handle.net/2333.1/hx3ffn4m 
=880  1\$6100-01$aشرف الدين، عبد الحسين.
=880  10$6245-02$aكلمة حول الرؤية ؛ و، فلسفة الميثاق والولاية /$cبقلم عبد الحسين شرف الدين.
=880  3\$6246-03$aفلسفة الميثاق والولاية
=880  \\$6260-04$aالنجف الاشرف :$bدار النعمان للطباعة والنشر،$c1967.
=880  1\$6700-05$aشرف الدين، عبد الحسين.$tفلسفة الميثاق.
=959  \\$aNNU$bWEB$cGENI$t0$mElectronic access$s01
=999  \\$iNjP_1684941$o(OCoLC)ocm33923282$sprinceton_aco003832:$e(ERROR-880)$sprinceton_aco003832:

