=LDR  03675nam a2200457Mi 4500
=001  240239
=003  NjP
=006  m\\\\\\\\d\\\\\\\\
=007  cr\cn\|||m|||a
=008  200430s1983\\\\ir\h\\\\o\\\\\001\0\ara\d
=040  \\$aZYU$bara$erda$cZYU
=050  \4$aBP136.48$b.K48 1983
=100  1\$6880-01$aKhūʼī, Abū al-Qāsim ibn ʻAlī Akbar,$d1899-
=245  10$6880-02$aMuʻjam rijāl al-ḥadīth :$bwa-tafṣīl ṭabaqāt al-ruwāh /$cli-Abī al-Qāsim al-Mūsawī al-Khūʼī.
=250  \\$6880-03$aal-Ṭabʻah 3.
=260  \\$6880-04$aQum, Īrān :$bMadīnat al-ʻIlm,$c1983.
=300  \\$aonline resource (23 volumes) :$bfacsimile
=336  \\$atext$2rdacontent
=337  \\$acomputer$2rdamedia
=338  \\$aonline resource$2rdacarrier
=490  1\$6880-05$aManshūrāt Madīnat al-ʻIlm - Āyat Allāh al-ʻUẓmá al-Khūʼī ;$v1
=500  \\$a"Manshūrāt Madīnat al-ʻIlm, Āyat Allāh al-ʻUẓmá al-Khūʼī; 1."
=500  \\$a"Ṭubiʻat al-ṭabʻah al-thālithah fī Bayrūt, Lubnān."
=500  \\$aIncludes indexes.
=500  \\$aPart of the Arabic Collections Online (ACO) project, contributed by Princeton University Libraries.
=533  \\$aElectronic reproduction.$bNew York, N.Y. :$cNew York University,$d2020.$5NNU
=650  \0$aHadith$xAuthorities.
=650  \7$aHadith$xAuthorities.$2fast$0(OCoLC)fst00950115
=710  2\$aPrinceton University.$bLibrary.
=730  0\$aArabic Collections Online.
=776  08$iPrint version:$aKhūʼī, Abū al-Qāsim ibn ʻAlī Akbar, 1899-$tMuʻjam rijāl al-ḥadīth$w(NjP)240239$w(OCoLC)16105967
=830  \0$6880-06$aManshūrāt Madīnat al-ʻIlm - Āyat Allāh al-ʻUẓmá al-Khūʼī ;$v1.
=856  40$uhttp://hdl.handle.net/2333.1/7h44j9nf 
=880  1\$6100-01$aخوئي، ابو القاسم بن علي أكبر.
=880  10$6245-02$aمعجم رجال الحديث وتفصيل طبقات الرواة /$cلابي القاسم الموسوي الخوئي.
=880  \\$6250-03$aالطبعة ٣.
=880  \\$6260-04$aقم، ايران :$bمدينة العلم،$c1983.
=880  1\$6490-05$aمنشورات مدينة العلم - آية الله العظمى الخوئي ؛$v١
=880  \0$6830-06$aمنشورات مدينة العلم - آية الله العظمى الخوئي ؛ $v١.
=959  \\$aNNU$bWEB$cGENI$t0$mElectronic access$s01
=999  \\$iNjP_240239$o(OCoLC)ocm16105967$sprinceton_aco003862:juz 1$sprinceton_aco003863:juz 2$sprinceton_aco003856:juz 3$sprinceton_aco003857:juz 4$sprinceton_aco003858:juz 5$sprinceton_aco003870:juz 6$sprinceton_aco003859:juz 7$sprinceton_aco003860:juz 8$sprinceton_aco003861:juz 9$sprinceton_aco003872:juz 10$sprinceton_aco003871:juz 11$sprinceton_aco003864:juz 12$sprinceton_aco003866:juz 13$sprinceton_aco003867:juz 14$sprinceton_aco003868:juz 15$sprinceton_aco003869:juz 16$sprinceton_aco003879:juz 18$sprinceton_aco003880:juz 19$sprinceton_aco003881:juz 20$sprinceton_aco003882:juz 21$sprinceton_aco003883:juz 22$sprinceton_aco003884:juz 23$e(ERROR-880)$sprinceton_aco003862:juz 1$sprinceton_aco003863:juz 2$sprinceton_aco003856:juz 3$sprinceton_aco003857:juz 4$sprinceton_aco003858:juz 5$sprinceton_aco003870:juz 6$sprinceton_aco003859:juz 7$sprinceton_aco003860:juz 8$sprinceton_aco003861:juz 9$sprinceton_aco003872:juz 10$sprinceton_aco003871:juz 11$sprinceton_aco003864:juz 12$sprinceton_aco003866:juz 13$sprinceton_aco003867:juz 14$sprinceton_aco003868:juz 15$sprinceton_aco003869:juz 16$sprinceton_aco003879:juz 18$sprinceton_aco003880:juz 19$sprinceton_aco003881:juz 20$sprinceton_aco003882:juz 21$sprinceton_aco003883:juz 22$sprinceton_aco003884:juz 23

