=LDR  01678nam a2200385Mi 4500
=001  4096944
=003  NjP
=006  m\\\\\\\\d\\\\\\\\
=007  cr\cn\|||m|||a
=008  200430s1927\\\\ua\c\\\\o\\\\\000\1\ara\d
=040  \\$aZYU$bara$erda$cZYU
=050  \0$aPJ7816.A47$bL8
=100  1\$6880-01$aBakrī, Muḥammad Tawfīq.
=245  13$6880-02$aal-Luʼluʼ fī al-adab /$cMuḥammad Tawfīq al-Bakrī.
=250  \\$6880-03$aal-Ṭabʻah 1.
=260  \\$6880-04$aMiṣr :$bMaṭbaʻat al-Nahḍah,$c1927.
=300  \\$aonline resource (4, 115 pages) :$bportrait
=336  \\$atext$2rdacontent
=337  \\$acomputer$2rdamedia
=338  \\$aonline resource$2rdacarrier
=500  \\$aPart of the Arabic Collections Online (ACO) project, contributed by Princeton University Libraries.
=533  \\$aElectronic reproduction.$bNew York, N.Y. :$cNew York University,$d2020.$5NNU
=650  \0$aArabic essays$y1801-
=650  \7$aArabic essays.$2fast$0(OCoLC)fst00812272
=648  \7$aSince 1801$2fast
=710  2\$aPrinceton University.$bLibrary.
=730  0\$aArabic Collections Online.
=776  08$iPrint version:$aBakrī, Muḥammad Tawfīq.$tal-Luʼluʼ fī al-adab$w(NjP)4096944$w(DLC)  68001599 $w(OCoLC)54362343
=856  40$uhttp://hdl.handle.net/2333.1/hqbzksqm 
=880  1\$6100-01$aبكري، محمد توفيق.
=880  12$6245-02$aاللؤلؤ في الأدب /$cمحمد توفيق البكري.
=880  \\$6250-03$aالطبعة ١.
=880  \\$6260-04$aمصر :$bمطبعة النهضة،$c١٩٢٧.
=959  \\$aNNU$bWEB$cGENI$t0$mElectronic access$s01
=999  \\$iNjP_4096944$o(OCoLC)ocm54362343$sprinceton_aco002821$sprinceton_aco002821

