=LDR  01859nam a2200373Mi 4500
=001  1123578
=003  NjP
=006  m\\\\\\\\d\\\\\\\\
=007  cr\cn\|||m|||a
=008  200430s1989\\\\ir\\\\\\ob\\\\000\0\ara\d
=040  \\$aZYU$bara$erda$cZYU
=050  \4$aBP144.2.R32$bA72 1989
=100  1\$6880-01$aĀṣafī, Muḥammad Mahdī.
=245  10$6880-02$aMulkīyat al-arḍ fī al-Islām :$bdirāsah fiqhīyah istidlālīyah muqāranah /$ctaʼlīf Muḥammad Mahdī al-Āṣifī.
=260  \\$6880-03$a[Iran] :$bNashr Tawḥīd,$c1409 [1989] 
=300  \\$aonline resource (303 pages)
=336  \\$atext$2rdacontent
=337  \\$acomputer$2rdamedia
=338  \\$aonline resource$2rdacarrier
=500  \\$aPreface dated: 1409 [1989].
=500  \\$aPart of the Arabic Collections Online (ACO) project, contributed by Princeton University Libraries.
=504  \\$aIncludes bibliographical references (pages 286-298).
=533  \\$aElectronic reproduction.$bNew York, N.Y. :$cNew York University,$d2020.$5NNU
=650  \0$aReal property (Islamic law)
=650  \7$aReal property (Islamic law)$2fast$0(OCoLC)fst01091176
=710  2\$aPrinceton University.$bLibrary.
=730  0\$aArabic Collections Online.
=776  08$iPrint version:$aĀṣafī, Muḥammad Mahdī.$tMulkīyat al-arḍ fī al-Islām$w(NjP)1123578$w(OCoLC)36558033
=856  40$uhttp://hdl.handle.net/2333.1/q83bkd89 
=880  1\$6100-01$aآصفي، محمد مهدي.
=880  10$6245-02$aملكية الارض في الاسلام :$bدراسة فقهية استدلالية مقارنة /$cتأليف محمد مهدي الاصفي.
=880  \\$6260-03$a[ايران] :$bنشر توحيد،$c1409 [1989]
=959  \\$aNNU$bWEB$cGENI$t0$mElectronic access$s01
=999  \\$iNjP_1123578$o(OCoLC)ocm36558033$sprinceton_aco003550:$e(ERROR-880)$sprinceton_aco003550:

