=LDR  01995nam a2200409Mi 4500
=001  3209195
=003  NjP
=006  m\\\\\\\\d\\\\\\\\
=007  cr\cn\|||m|||a
=008  200430s1938\\\\le\\\\\\ob\\\\000\0\arard
=040  \\$aZYU$bara$erda$cZYU
=050  \4$aBP189$b.A15 1938
=100  1\$6880-01$aʻAbd al-Nūr, Jabbūr.
=245  13$6880-02$aal-Taṣawwuf ʻinda al-ʻArab /$ctaʼlīf Jabbūr ʻAbd al-Nūr.
=246  1\$6880-03$iTitle of cover:$aTārīkh al-Taṣawwuf al-Islāmī
=260  \\$6880-04$a[Beirut] :$b[publisher not identified],$c[1938]
=300  \\$aonline resource (172 pages)
=336  \\$atext$2rdacontent
=337  \\$acomputer$2rdamedia
=338  \\$aonline resource$2rdacarrier
=500  \\$aPart of the Arabic Collections Online (ACO) project, contributed by Princeton University Libraries.
=504  \\$aIncludes bibliographical references.
=533  \\$aElectronic reproduction.$bNew York, N.Y. :$cNew York University,$d2020.$5NNU
=650  \0$aSufism.
=650  \7$aSufism.$2fast$0(OCoLC)fst01137257
=700  0\$6880-05$aRıza Tevfik,$d1869?-1949.
=710  2\$aPrinceton University.$bLibrary.
=730  0\$aArabic Collections Online.
=776  08$iPrint version:$aʻAbd al-Nūr, Jabbūr.$tal-Taṣawwuf ʻinda al-ʻArab$w(NjP)3209195$w(DLC)   67001858 $w(OCoLC)49364621
=856  40$uhttp://hdl.handle.net/2333.1/63xsjdh7 
=880  1\$6100-01$a‏عبد النور، جبور.
=880  12$6245-02$a‏التصوف عند العرب /‏$c‏تأليف جبور عبد النور ؛ [المقدمة بقلم رضا توفيق].
=880  1\$6246-03$i‏عنوان التجليد على الغلاف:‏$a‏تارخ التصوف الإسلامي
=880  \\$6260-04$a‏[بيروت؟ :‏$b‏د.ن.،‏$c‏؟1938]
=880  0\$6700-05$a‏رضا توفيق،‏,$d‏1869?-1949
=959  \\$aNNU$bWEB$cGENI$t0$mElectronic access$s01
=999  \\$iNjP_3209195$o(OCoLC)ocm49364621$sprinceton_aco003024$e(ERROR-880)$sprinceton_aco003024

