=LDR  02523nam a2200493Mi 4500
=001  7010868
=003  NjP
=006  m\\\\\\\\d\\\\\\\\
=007  cr\cn\|||m|||a
=008  200430q18851899ua\\\\\\o\\\\\000\0\arard
=040  \\$aZYU$bara$erda$cZYU
=043  \\$ama-----
=050  \4$aPN5359.Z757$bA25 1800z
=100  1\$6880-01$aIsḥāq, Adīb,$d1856-1885.
=245  10$6880-02$aMuntakhabāt :$bḍimna arbaʻat ajzāʼ /$cAdīb Bik Isḥāq.
=246  3\$6880-03$aMuntakhabāt Adīb Bik Isḥāq
=250  \\$6880-04$aṬabʻah 2.
=260  \\$6880-05$aal-Iskandarīyah :$bMaṭbaʻat al-Ādāb,$c[18--]
=300  \\$aonline resource (32, 284 pages)
=336  \\$atext$2rdacontent
=337  \\$acomputer$2rdamedia
=338  \\$aonline resource$2rdacarrier
=500  \\$aPart of the Arabic Collections Online (ACO) project, contributed by Princeton University Libraries.
=505  0\$aal-juzʼ 1. Yaḥtawī ʻalá ashʻārih al-raqīqah -- al-juzʼ 2. Yashtamil ʻalá maqālātih al-rannānah -- al-juzʼ 3. Rasāʼiluh al-balīghah -- al-juzʼ 4. Khuṭabuh fī al-jamʻīyāt allatī raʼasahā wa-fī al-muntadayāt al-khāṣṣah.
=533  \\$aElectronic reproduction.$bNew York, N.Y. :$cNew York University,$d2020.$5NNU
=600  10$aAdīb, Isḥāq,$d1856-1885.
=651  \0$aArab countries$xSocial conditions.
=650  \0$aWorld politics$y19th century.
=650  \7$aSocial conditions.$2fast$0(OCoLC)fst01919811
=650  \7$aWorld politics.$2fast$0(OCoLC)fst01181381
=651  \7$aArab countries.$2fast$0(OCoLC)fst01240128
=648  \7$a1800-1899$2fast
=710  2\$aPrinceton University.$bLibrary.
=730  0\$aArabic Collections Online.
=776  08$iOnline version:$aIsḥāq, Adīb, 1856-1885.$tMuntakhabāt.$bṬabʻah 2.$dal-Iskandarīyah : Maṭbaʻat al-Ādāb, [18--]$w(OCoLC)1103302921
=776  08$iPrint version:$aIsḥāq, Adīb, 1856-1885.$tMuntakhabāt$w(NjP)7010868$w(OCoLC)30653626
=856  40$uhttp://hdl.handle.net/2333.1/wwpzgxkq 
=880  1\$6100-01$aاسحاق، اديب،$d1856-1885. 
=880  10$6245-02$aمنتخبات :$bضمن اربعة اجزاء /$cاديب بك اسحاق.
=880  3\$6246-03$aمنتخبات اديب بك اسحاق
=880  \\$6250-04$aطبعة 2.
=880  \\$6260-05$aالاسكندرية :$bمطبعة الاداب،$c[18--]
=959  \\$aNNU$bWEB$cGENI$t0$mElectronic access$s01
=999  \\$iNjP_7010868$o(OCoLC)ocm30653626$sprinceton_aco003070$e(ERROR-880)$sprinceton_aco003070

