=LDR  02070nam a2200385Mi 4500
=001  473444
=003  NjP
=006  m\\\\\\\\d\\\\\\\\
=007  cr\cn\|||m|||a
=008  200430s1949\\\\ua\\\\\\ob\\\\000\0\arao\
=040  \\$aZYU$bara$erda$cZYU
=043  \\$af-ua---
=050  \4$aDT76.8$b.Z82
=100  1\$6880-01$aZiyādah, Muḥammad Muṣṭafá.
=245  13$6880-02$aal-Muʼarrikhūn fī Miṣr fī al-qarn al-khāmis ʻashar al-Milādi/ al-qarn al-tāsiʻ ʻashar al-Hijrī /$c[taʼlīf] Muḥammad Muṣṭafá Ziyādah.
=260  \\$6880-03$aal-Qāhirah :$bLajnat al-Taʼlīf wa-al-Tarjamah wa-al-Nashr,$c1949.
=300  \\$aonline resource (12, 111 pages)
=336  \\$atext$2rdacontent
=337  \\$acomputer$2rdamedia
=338  \\$aonline resource$2rdacarrier
=500  \\$aPart of the Arabic Collections Online (ACO) project, contributed by Princeton University Libraries.
=504  \\$aIncludes bibliographical references.
=533  \\$aElectronic reproduction.$bNew York, N.Y. :$cNew York University,$d2020.$5NNU
=650  \0$aHistorians$zEgypt.
=650  \7$aHistorians.$2fast$0(OCoLC)fst00957686
=651  \7$aEgypt.$2fast$0(OCoLC)fst01208755
=710  2\$aPrinceton University.$bLibrary.
=730  0\$aArabic Collections Online.
=776  08$iPrint version:$aZiyādah, Muḥammad Muṣṭafá.$tal-Muʼarrikhūn fī Miṣr fī al-qarn al-khāmis ʻashar al-Milādi/ al-qarn al-tāsiʻ ʻashar al-Hijrī$w(NjP)473444$w(DLC)ne 68000853 $w(OCoLC)23489967
=856  40$uhttp://hdl.handle.net/2333.1/n8pk0zt6 
=880  1\$6100-01$aزيادة، محمد مصطفى.
=880  12$6245-02$aالمؤرخون في مصر في القرن الخامس عشر الميلادي / القرن التاسع عشر الهجري /$c[تأليف] محمد مصطفى زيادة.
=880  \\$6260-03$aالقاهرة :$bلجنة التأليف والترجمة والنشر،$c1949.
=959  \\$aNNU$bWEB$cGENI$t0$mElectronic access$s01
=999  \\$iNjP_473444$o(OCoLC)ocm23489967$sprinceton_aco004172:$e(ERROR-880)$sprinceton_aco004172:

