=LDR  02049nam a2200385Mi 4500
=001  862634
=003  NjP
=006  m\\\\\\\\d\\\\\\\\
=007  cr\cn\|||m|||a
=008  200430s1847\\\\ua\\\\\\o\\\\\000\0\ara\d
=040  \\$aZYU$bara$erda$cZYU
=050  \4$aR143$b.B34 1847x
=100  1\$6880-01$aBaqlī, Muḥammad ʻAlī.
=240  10$6880-02$aGhurar al-najāḥ fī aʻmāl al-jirāḥ
=245  10$6880-03$aKitāb Ghurar al-najāḥ fī aʻmāl al-jirāḥ /$ctaʼlīf Muḥammad ʻAlī al-Baqlī.
=260  \\$6880-04$aal-Qāhirah :$bMaṭbaʻat Būlāq,$c1263 [1847]
=300  \\$aonline resource (2 volumes)
=336  \\$atext$2rdacontent
=337  \\$acomputer$2rdamedia
=338  \\$aonline resource$2rdacarrier
=500  \\$aPart of the Arabic Collections Online (ACO) project, contributed by Princeton University Libraries.
=533  \\$aElectronic reproduction.$bNew York, N.Y. :$cNew York University,$d2020.$5NNU
=650  \0$aOperations, Surgical.
=650  \7$aOperations, Surgical.$2fast$0(OCoLC)fst01046401
=710  2\$aPrinceton University.$bLibrary.
=730  0\$aArabic Collections Online.
=776  08$iOnline version:$aBaqlī, Muḥammad ʻAlī$sGhurar al-najāḥ fī aʻmāl al-jirāḥ$tKitāb Ghurar al-najāḥ fī aʻmāl al-jirāḥ$dal-Qāhirah : Maṭbaʻat Būlāq, 1263 [1847]$w(OCoLC)1103310831
=776  08$iPrint version:$aBaqlī, Muḥammad ʻAlī.$tKitāb Ghurar al-najāḥ fī aʻmāl al-jirāḥ$w(NjP)862634$w(OCoLC)29834554
=856  40$uhttp://hdl.handle.net/2333.1/1jwsv16z 
=880  1\$6100-01$aبقلي، محمد علي.
=880  10$6240-02$aغرر النجاح في اعمال الجراح
=880  10$6245-03$aكتاب غرر النجاح في اعمال الجراح /$cتأليف محمد علي البقلي.
=880  \\$6260-04$aالقاهرة :$bمطبعة بولاق،$c1263 [1847]
=959  \\$aNNU$bWEB$cGENI$t0$mElectronic access$s01
=999  \\$iNjP_862634$o(OCoLC)ocm29834554$sprinceton_aco004249:$e(ERROR-880)$sprinceton_aco004249:

