=LDR  01761nam a2200373Mi 4500
=001  461076
=003  NjP
=006  m\\\\\\\\d\\\\\\\\
=007  cr\cn\|||m|||a
=008  200430s198u\\\\ir\\\\\\o\\\\\000\0\arard
=040  \\$aZYU$bara$erda$cZYU
=050  \4$aBP145$b.R37 1980z
=100  1\$6880-01$aRashtī, Ḥabīb Allāh ibn Muḥammad ʻAlī,$d1818 or 1819-1894.
=245  10$6880-02$aBadāʼiʻ al-afkār /$ctaʼlīf Mīrzā Ḥabīb Allāh al-Rashtī.
=260  \\$6880-03$aQum :$bMuʼassasat Āl al-Bayt,$c[198-]
=300  \\$aonline resource (463 pages)
=336  \\$atext$2rdacontent
=337  \\$acomputer$2rdamedia
=338  \\$aonline resource$2rdacarrier
=500  \\$aReprint.
=500  \\$aPart of the Arabic Collections Online (ACO) project, contributed by Princeton University Libraries.
=533  \\$aElectronic reproduction.$bNew York, N.Y. :$cNew York University,$d2020.$5NNU
=650  \0$aIslamic law$vSources.
=650  \7$aIslamic law.$2fast$0(OCoLC)fst00979949
=655  \7$aSources.$2fast$0(OCoLC)fst01423900
=710  2\$aPrinceton University.$bLibrary.
=730  0\$aArabic Collections Online.
=776  08$iPrint version:$aRashtī, Ḥabīb Allāh ibn Muḥammad ʻAlī, 1818 or 1819-1894.$tBadāʼiʻ al-afkār$w(NjP)461076$w(OCoLC)22266724
=856  40$uhttp://hdl.handle.net/2333.1/z34tn09b 
=880  1\$6100-01$aرشتي، حبيب الله بن محمد علي،$d1818 or 1819-1894.
=880  10$6245-02$aبدائع الافكار /$cتأليف حبيب الله الرشتي.
=880  \\$6260-03$aقم :$bمؤسسة آل البيت،$c[198]
=959  \\$aNNU$bWEB$cGENI$t0$mElectronic access$s01
=999  \\$iNjP_461076$o(OCoLC)ocm22266724$sprinceton_aco003984:$e(ERROR-880)$sprinceton_aco003984:

