=LDR  02061nam a2200373Mi 4500
=001  2760153
=003  NjP
=006  m\\\\\\\\d\\\\\\\\
=007  cr\cn\|||m|||a
=008  200430s1963\\\\sy\\\\\\oi\\\\000\0\ararc
=040  \\$aZYU$bara$erda$cZYU
=050  \4$aBP144$b.K52
=100  1\$6880-01$aKhaḍir, Aḥmad Mahdī,$d1923-
=245  10$6880-02$aNaḥwa dāʼirat maʻārif al-fiqh al-Islāmī muqāranan maʻa al-qānūn :$bFihris Ibn ʻĀbidīn /$cJamʻ wa-tartīb Aḥmad Mahdī al-Khaḍir.
=260  \\$6880-03$aḤalab :$bal-Maṭbaʻah al-Sūrīyah,$c[al-ihdāʼ 1963]
=300  \\$aonline resource (A-E, 316 pages)
=336  \\$atext$2rdacontent
=337  \\$acomputer$2rdamedia
=338  \\$aonline resource$2rdacarrier
=500  \\$aPart of the Arabic Collections Online (ACO) project, contributed by Princeton University Libraries.
=533  \\$aElectronic reproduction.$bNew York, N.Y. :$cNew York University,$d2020.$5NNU
=600  10$aIbn ʻĀbidīn, Muḥammad Amīn ibn ʻUmar,$d1783 or 1784-1836.$tRadd al-muḥtār ʻalā al-Durr al-mukhtār$vIndexes.
=650  \0$aIslamic law$vIndexes.
=650  \7$aIslamic law.$2fast$0(OCoLC)fst00979949
=655  \7$aIndexes.$2fast$0(OCoLC)fst01423761
=710  2\$aPrinceton University.$bLibrary.
=730  0\$aArabic Collections Online.
=776  08$iPrint version:$aKhaḍir, Aḥmad Mahdī, 1923-$tNaḥwa dāʼirat maʻārif al-fiqh al-Islāmī muqāranan maʻa al-qānūn$w(NjP)2760153$w(DLC)ne 66001512 $w(OCoLC)23127621
=856  40$uhttp://hdl.handle.net/2333.1/0p2ngqps 
=880  1\$6100-01$aخضر، احمد مهدي،$d1923-
=880  10$6245-02$aنحو دائرة معارف الفقه الإسلامي مقارنا مع القانون :$bفهرس ابن عابدين /$cجمع وترتيب احمد مهدي الخضر.
=880  \\$6260-03$aحلب :$bالمطبعة السورية،$c[الاهداء 1963]
=959  \\$aNNU$bWEB$cGENI$t0$mElectronic access$s01
=999  \\$iNjP_2760153$o(OCoLC)ocm23127621$sprinceton_aco002224$sprinceton_aco002224

