=LDR  03081nam a2200445Mi 4500
=001  5252366
=003  NjP
=006  m\\\\\\\\d\\\\\\\\
=007  cr\cn\|||m|||a
=008  200430m19589999iq\a\\\\o\\\\f000\0\ara\\
=040  \\$aZYU$bara$erda$cZYU
=043  \\$aa-iq---
=050  \4$aJQ1825.I773$bI73 1958
=110  1\$6880-01$aIraq.$bMaḥkamah al-ʻAskarīyah al- ʻUlyā al-Khāṣṣah.
=245  10$6880-02$aMuḥākamāt al- Maḥkamah al- ʻAskarīyah al- ʻUlyā al-Khāṣṣah :$bal-maḥādir al-rasmīyah lil-jalasāt allatī ʻaqadathā al-Maḥkamah li-muḥākamat al-mutaʼāmirīn ʻalá salāmat al-watan wa-mufsidī nizām al-ḥukm /$ciʻdād Hayʼat al-Tansīq fī al-Maḥkamah al-ʻAskarīyah al-ʻUlyā al-Khāṣṣah.
=246  3\$6880-03$aMaḥādir al-rasmīyah li-jalasāt al Maḥkamah al-ʻAskarīyah al-ʻUlyā al-Khāṣṣah
=260  \\$6880-04$a[Baghdād] :$bWizārat al-Difāʻ,$c1958.
=300  \\$aonline resource (volumes) :$billustrations
=336  \\$atext$2rdacontent
=337  \\$acomputer$2rdamedia
=338  \\$aonline resource$2rdacarrier
=500  \\$aCover title: al Maḥāḍir al-rasmīyah li-jalasāt al Maḥkamah al-ʻAskarīyah al- ʻUlyā al-Khāṣṣah.
=500  \\$aAt head of title: Wizar̄at al-Difāʻ, al-Qiyādah al-ʻĀmmah lil-Qūwāt al-Musallaḥah.
=500  \\$aPart of the Arabic Collections Online (ACO) project, contributed by Princeton University Libraries.
=533  \\$aElectronic reproduction.$bNew York, N.Y. :$cNew York University,$d2020.$5NNU
=650  \0$aTrials (Political crimes and offenses)$zIraq
=650  \7$aTrials (Political crimes and offenses)$2fast$0(OCoLC)fst01156388
=651  \7$aIraq.$2fast$0(OCoLC)fst01205757
=710  1\$6880-05$aIraq.$bWizārat al-Difāʻ.
=710  2\$aPrinceton University.$bLibrary.
=730  0\$aArabic Collections Online.
=776  08$iPrint version:$aIraq. Maḥkamah al-ʻAskarīyah al- ʻUlyā al-Khāṣṣah.$tMuḥākamāt al- Maḥkamah al- ʻAskarīyah al- ʻUlyā al-Khāṣṣah$w(NjP)5252366$w(DLC)   74236280 $w(OCoLC)20721390
=856  40$uhttp://hdl.handle.net/2333.1/tmpg4qxm 
=880  1\$6110-01$aالعراق.$bمحكمة العسكرية العليا الخاصة.
=880  10$6245-02$aمحاكمات المحكمة العسكرية العليا الخاصة :$bالمحاضر الرسمية للجلسات التي عقدثها المحكمة لمحاكمة المتٱمرين على سلامة الوطن و مفسدي نظام الحكم /$cاعداد هيئة التنسيق في المحكمة العسكرية العليا الخاصة.
=880  3\$6246-03$aمحاضر الرسمية لجلسات المحكمة العسكرية العليا الخاصة
=880  \\$6260-04$a[بغداد] :$bوزارة الدفاع،$c1958.
=880  1\$6710-05$aالعراق.$bوزارة الدفاع.
=959  \\$aNNU$bWEB$cGENI$t0$mElectronic access$s01
=999  \\$iNjP_5252366$o(OCoLC)ocm20721390$sprinceton_aco003660:juz 3$e(ERROR-880)$sprinceton_aco003660:juz 3

