=LDR  02104nam a2200445Mi 4500
=001  4142118
=003  NjP
=006  m\\\\\\\\d\\\\\\\\
=007  cr\cn\|||m|||a
=008  200430s1909\\\\ua\\\\\\o\\\\\000\0\ara\d
=040  \\$aZYU$bara$erda$cZYU
=050  \4$aBP166 .G5
=100  0\$6880-01$aGhazzālī,$d1058-1111.
=240  10$6880-02$aIqtiṣād fī al-iʻtiqād
=245  10$6880-03$aKitāb al-Iqtiṣād fī al-iʻtiqād /$ctaʼlīf Abī Hāmid ibn Muḥammad al-Ghazzālī al-Ṭūsī.
=250  \\$6880-04$aal-Ṭabʻah 2.
=260  \\$6880-05$aMiṣr :$bMaṭbaʻat al-Saʻādah,$c1909.
=300  \\$aonline resource (104,23 pages)
=336  \\$atext$2rdacontent
=337  \\$acomputer$2rdamedia
=338  \\$aonline resource$2rdacarrier
=500  \\$aPart of the Arabic Collections Online (ACO) project, contributed by Princeton University Libraries.
=533  \\$aElectronic reproduction.$bNew York, N.Y. :$cNew York University,$d2020.$5NNU
=650  \0$aIslam$xDoctrines$vEarly works to 1800.
=650  \0$aIslamic philosophy$vEarly works to 1800.
=650  \0$aIslam$xDoctrines.
=650  \7$aIslam$xDoctrines.$2fast$0(OCoLC)fst00979787
=650  \7$aIslamic philosophy.$2fast$0(OCoLC)fst01730358
=655  \7$aEarly works.$2fast$0(OCoLC)fst01411636
=710  2\$aPrinceton University.$bLibrary.
=730  0\$aArabic Collections Online.
=776  08$iPrint version:$aGhazzālī, 1058-1111.$tKitāb al-Iqtiṣād fī al-iʻtiqād$w(NjP)4142118$w(OCoLC)31731538
=856  40$uhttp://hdl.handle.net/2333.1/8w9gj6q0 
=880  0\$6100-01$aغزالي،$d1058-1111.
=880  10$6240-02$aاقتصاد في الاعتقاد
=880  10$6245-03$aكتاب الاقتصاد في الاعتقاد /$cتأليف أبي حامد محمد ابن محمد بن محمد الغزالي الطوسي.
=880  \\$6250-04$aالطبعة ٢.
=880  \\$6260-05$aمصر :$bمطبعة السعادة،$c1909.
=959  \\$aNNU$bWEB$cGENI$t0$mElectronic access$s01
=999  \\$iNjP_4142118$o(OCoLC)ocm31731538$sprinceton_aco003852:$e(ERROR-880)$sprinceton_aco003852:

