=LDR  02105nam a2200421Mi 4500
=001  845862
=003  NjP
=006  m\\\\\\\\d\\\\\\\\
=007  cr\cn\|||m|||a
=008  200430s1990\\\\ir\\\\\\ob\\\\000\0\ara\d
=040  \\$aZYU$bara$erda$cZYU
=050  \4$aBP130.1$b.M55 1990
=100  1\$6880-01$aMīlānī, ʻAlī al-Ḥusaynī.
=245  13$6880-02$aal-Taḥqīq fī nafī al-taḥrīf ʻan al-Qurʼān al-sharīf /$cbi-qalam ʻAlī al-Ḥusaynī al-Mīlānī.
=250  \\$6880-03$aal-Ṭabʻah 1.
=260  \\$6880-04$aQum, Īrān :$bDār al-Qurʼān al-Karīm,$c1410 [1990]
=300  \\$aonline resource (371 pages)
=336  \\$atext$2rdacontent
=337  \\$acomputer$2rdamedia
=338  \\$aonline resource$2rdacarrier
=500  \\$aPart of the Arabic Collections Online (ACO) project, contributed by Princeton University Libraries.
=504  \\$aIncludes bibliographical references (pages 350-360).
=533  \\$aElectronic reproduction.$bNew York, N.Y. :$cNew York University,$d2020.$5NNU
=630  00$aQurʼan$xCriticism, Textual.
=630  00$aQurʼan$vMiscellanea.
=630  07$aQurʼan.$2fast$0(OCoLC)fst01842877
=655  \7$aCriticism, interpretation, etc.$2fast$0(OCoLC)fst01411635
=655  \7$aTrivia and miscellanea.$2fast$0(OCoLC)fst01921748
=710  2\$aPrinceton University.$bLibrary.
=730  0\$aArabic Collections Online.
=776  08$iPrint version:$aMīlānī, ʻAlī al-Ḥusaynī.$tal-Taḥqīq fī nafī al-taḥrīf ʻan al-Qurʼān al-sharīf$w(NjP)845862$w(OCoLC)29327866
=856  40$uhttp://hdl.handle.net/2333.1/8cz8wm46 
=880  1\$6100-01$aميلاني، علي الحسيني.
=880  12$6245-02$aالتحقيق في نفي التحريف عن القرآن الشريف /$cبقلم علي الحسيني الميلاني.
=880  \\$6250-03$aالطبعة 1.
=880  \\$6260-04$aقم، ايران :$bدار القرآن الكريم،$c1410 [1990]
=959  \\$aNNU$bWEB$cGENI$t0$mElectronic access$s01
=999  \\$iNjP_845862$o(OCoLC)ocm29327866$sprinceton_aco003923:$e(ERROR-880)$sprinceton_aco003923:

