=LDR  01754nam a2200385Mi 4500
=001  2350434
=003  NjP
=006  m\\\\\\\\d\\\\\\\\
=007  cr\cn\|||m|||a
=008  200430s1970\\\\iq\ah\\\ob\\\\000\0\arar\
=040  \\$aZYU$bara$erda$cZYU
=050  04$aTR822$b.A2
=100  1\$6880-01$aʻAbd al-Jabbār, Sālim.
=245  13$6880-02$aal-Taṣwīr al-jināʼī /$c[taʼlīf] Sālim ʻAbd al-Jabbār.
=250  \\$6880-03$aal-Ṭabʻah 1.
=260  \\$6880-04$aBaghdād :$bMaṭbaʻat Shafīq,$c1970.
=300  \\$aonline resource (211 pages) :$billustrations, facsimiles
=336  \\$atext$2rdacontent
=337  \\$acomputer$2rdamedia
=338  \\$aonline resource$2rdacarrier
=500  \\$aPart of the Arabic Collections Online (ACO) project, contributed by Princeton University Libraries.
=504  \\$aIncludes bibliographical references (page 209).
=533  \\$aElectronic reproduction.$bNew York, N.Y. :$cNew York University,$d2020.$5NNU
=650  \0$aLegal photography.
=650  \7$aLegal photography.$2fast$0(OCoLC)fst00995515
=710  2\$aPrinceton University.$bLibrary.
=730  0\$aArabic Collections Online.
=776  08$iPrint version:$aʻAbd al-Jabbār, Sālim.$tal-Taṣwīr al-jināʼī$w(NjP)2350434$w(DLC)   78271018 $w(OCoLC)18769761
=856  40$uhttp://hdl.handle.net/2333.1/djh9w9jh 
=880  1\$6100-01$aعبد الجبار، سالم. 
=880  12$6245-02$aالتصوير الجنائي /$c[تأليف] سالم عبد الجبار.
=880  \\$6250-03$aالطبعة 1.
=880  \\$6260-04$aبغداد :$bمطبعة شفيق،$c1970.
=959  \\$aNNU$bWEB$cGENI$t0$mElectronic access$s01
=999  \\$iNjP_2350434$o(OCoLC)ocm18769761$sprinceton_aco004120:$e(ERROR-880)$sprinceton_aco004120:

