=LDR  02162nam a2200409Mi 4500
=001  1375564
=003  NjP
=006  m\\\\\\\\d\\\\\\\\
=007  cr\cn\|||m|||a
=008  200430m19101926le\ah\\\o\\\\\000\0\araod
=040  \\$aZYU$bara$erda$cZYU
=050  \4$aHS475$b.C45 1910
=100  1\$6880-01$aCheikho, Louis,$d1859-1927.
=245  13$6880-02$aal-Sirr al-maṣūn fī shīʻah al-Farmasūn :$bwa-huwa naẓarun tārīkhī adabī ijtimāʻī /$cbi-qalam Lūwīs Shīkhū.
=250  \\$6880-03$aal-Ṭabʻah 3.
=260  \\$6880-04$aBayrūt :$bal-Maṭbaʻah al-Kāthūlīkīyah,$c1910-1926.
=300  \\$aonline resource (6 volumes in 1) :$bfacsimiles, illustrations
=336  \\$atext$2rdacontent
=337  \\$acomputer$2rdamedia
=338  \\$aonline resource$2rdacarrier
=500  \\$aPart of the Arabic Collections Online (ACO) project, contributed by Princeton University Libraries.
=533  \\$aElectronic reproduction.$bNew York, N.Y. :$cNew York University,$d2020.$5NNU
=610  20$aFreemasons.
=610  20$aFreemasons$xHistory.
=610  27$aFreemasons.$2fast$0(OCoLC)fst00533636
=655  \7$aHistory.$2fast$0(OCoLC)fst01411628
=710  2\$aPrinceton University.$bLibrary.
=730  0\$aArabic Collections Online.
=776  08$iOnline version:$aCheikho, Louis, 1859-1927.$tSirr al-maṣūn fī shīʻah al-Farmasūn.$bal-Ṭabʻah 3.$dBayrūt : al-Maṭbaʻah al-Kāthūlīkīyah, 1910-1926$w(OCoLC)657176773
=776  08$iPrint version:$aCheikho, Louis, 1859-1927.$tal-Sirr al-maṣūn fī shīʻah al-Farmasūn$w(NjP)1375564$w(OCoLC)10220270
=856  40$uhttp://hdl.handle.net/2333.1/f4qrftwd 
=880  1\$6100-01$aشيخو، لويس،$d1859-1927.
=880  12$6245-02$aالسر المصون في شيعة الفرمسون :$bوهو نظر تاريخي ادبي اجتماعي /$cبقلم لويس شيخوا.
=880  \\$6250-03$aالطبعة 3.
=880  \\$6260-04$aبيروت :$bالمطبعة الكاثوليكية،$c1910-1926.
=959  \\$aNNU$bWEB$cGENI$t0$mElectronic access$s01
=999  \\$iNjP_1375564$o(OCoLC)ocm10220270$sprinceton_aco004256:$e(ERROR-880)$sprinceton_aco004256:

