=LDR  03006nam a2200541Mi 4500
=001  1376115
=003  NjP
=006  m\\\\\\\\d\\\\\\\\
=007  cr\cn\|||m|||a
=008  200430s1910\\\\le\\\\\\o\\\\\000\0\ara\d
=040  \\$aZYU$bara$erda$cZYU
=043  \\$af-ua---
=050  \4$aDT107.3$b. U75 1910
=245  04$6880-01$aal-ʻUrwah al-wuthqá :$blā infiṣāma lahā /$cli-mudīr siyāsatihā al-sayyid Jamāl al-Dīn al-Afghānī wa-muḥarririhā al-awwal al-shaykh Muḥammad ʻAbduh.
=264  \1$6880-02$aBayrūt :$bṬubiʻat bi-Maṭbaʻat al-Tawfīq fī Bayrūt  li-Ṣāḥibihā sanat ,$c1328 [1910]
=300  \\$aonline resource (15, 227 pages)
=336  \\$atext$2rdacontent
=337  \\$acomputer$2rdamedia
=338  \\$aonline resource$2rdacarrier
=500  \\$aOrgan of Jamʻīyat al-ʻUrwah al-Wuthqá.
=500  \\$6880-03$aṬubiʻat ʻalá nafaqat Ḥusayn Muḥī al-Dīn al-Ḥabbāl, ḥuqūq iʻādat al-ṭabiʻ maḥfūẓah la-hu.
=500  \\$aPart of the Arabic Collections Online (ACO) project, contributed by Princeton University Libraries.
=533  \\$aElectronic reproduction.$bNew York, N.Y. :$cNew York University,$d2020.$5NNU
=651  \0$aEgypt$xPolitics and government$y1882-1952.
=650  \0$aIslam$xHistory.
=600  17$aAfghānī, Jamāl al-Dīn,$d1838-1897$2fast$0(OCoLC)fst00049250
=650  \7$aIslam.$2fast$0(OCoLC)fst00979776
=650  \7$aPolitics and government$2fast$0(OCoLC)fst01919741
=651  \7$aEgypt.$2fast$0(OCoLC)fst01208755
=600  10$6880-04$aAfghānī, Jamāl al-Dīn,$d1838-1897.
=648  \7$a1882-1952$2fast
=655  \7$aHistory.$2fast$0(OCoLC)fst01411628
=700  1\$6880-05$aAfghānī, Jamāl al-Dīn,$d1838-1897,$eauthor.
=700  0\$6880-06$aMuḥammad ʻAbduh,$d1849-1905.
=710  2\$6880-07$aJamʻīyat al-ʻUrwah al-Wuthqá.
=710  2\$aPrinceton University.$bLibrary.
=730  0\$aArabic Collections Online.
=776  08$iPrint version:$tal-ʻUrwah al-wuthqá$w(NjP)1376115$w(OCoLC)32117741
=856  40$uhttp://hdl.handle.net/2333.1/sbcc2rgd 
=880  02$6245-01$aالعروة الوثقى :$bلا انفصام لها /$cلمدير سياستها السيد جمال الدين الأفغاني ومحررها الأول الشيخ محمد عبده.
=880  \1$6264-02$aبيروت :$bطبعة بمطبعة التوفيق في بيروت  لصاحبها سنة ،$c1328 [1910]
=880  \\$6500-03$aطبعت على نفقة حسين محي الدين الحبال، حقوق إعادة الطبع محفوظة له.
=880  10$6600-04$a‏أفغاني، جمال الدين،$d1838-1897.
=880  1\$6700-05$aأفغاني، جمال الدين،$d1838-1897،$eauthor.
=880  0\$6700-06$a‏محمد عبده،$d1849-1905.
=880  2\$6710-07$a‏جمعية العروة الوثقى.
=959  \\$aNNU$bWEB$cGENI$t0$mElectronic access$s01
=999  \\$iNjP_1376115$o(OCoLC)ocm32117741$sprinceton_aco004121:$sprinceton_aco004121:

