=LDR  02328nam a2200445Mi 4500
=001  1202557
=003  NjP
=006  m\\\\\\\\d\\\\\\\\
=007  cr\cn\|||m|||a
=008  200430s1960\\\\iq\a\\\\o\\\\\000\0\ara\d
=040  \\$aZYU$bara$erda$cZYU
=043  \\$aa-iq---
=050  14$aDS79.65$b.Q274 1960
=100  1\$6880-01$aQāsim, ʻAbd al-Karīm,$d1914-1963.
=245  10$6880-02$aTaḥyā al-waḥdah al-ʻIrāqīyah al-ṣādiqah.
=260  \\$6880-03$a[Baghdad] :$bWizārat al-Irshād, Mudīrīyat al-Funūn wa-al-Thaqāfah al-Shaʻbīyah,$c[1960]
=300  \\$aonline resource (16 pages) :$billustrations.
=336  \\$atext$2rdacontent
=337  \\$acomputer$2rdamedia
=338  \\$aonline resource$2rdacarrier
=490  1\$6880-04$aSilsilat al-thaqāfah al-shaʻbīyah ;$v13
=500  \\$a"Naṣṣ al-khiṭāb al-rāʼiʻ alladhī irtajalahu al-Zaʻīm ʻAbd al-Karīm Qāsim fī ḥaflat takharruj al-Kullīyah al-ʻAskarīyah masāʼ al-Khamīs 14 Tammūz 1960."
=500  \\$aPart of the Arabic Collections Online (ACO) project, contributed by Princeton University Libraries.
=533  \\$aElectronic reproduction.$bNew York, N.Y. :$cNew York University,$d2020.$5NNU
=651  \0$aIraq$xHistory$y1958-
=651  \7$aIraq.$2fast$0(OCoLC)fst01205757
=648  \7$aSince 1958$2fast
=655  \7$aHistory.$2fast$0(OCoLC)fst01411628
=710  2\$aPrinceton University.$bLibrary.
=730  0\$aArabic Collections Online.
=776  08$iPrint version:$aQāsim, ʻAbd al-Karīm, 1914-1963.$tTaḥyā al-waḥdah al-ʻIrāqīyah al-ṣādiqah$w(NjP)1202557$w(OCoLC)39826285
=830  \0$6880-05$aSilsilat al-Thaqāfah al-shaʻbīyah ;$v13.
=856  40$uhttp://hdl.handle.net/2333.1/nzs7hdts 
=880  1\$6100-01$aقاسم، عبد الكريم،$d1914-1963.
=880  10$6245-02$aتحيا الوحدة العراقية الصادقة.
=880  \\$6260-03$a[بغداد] :$bوزارة الارشاد، مديرية الفنون والثقافة الشعبية،$c[1960]
=880  1\$6490-04$aسلسلة الثقافة الشعبية ؛$v13
=880  \0$6830-05$aسلسلة الثقافة الشعبية ؛$v13.
=959  \\$aNNU$bWEB$cGENI$t0$mElectronic access$s01
=999  \\$iNjP_1202557$o(OCoLC)ocm39826285$sprinceton_aco003786:$e(ERROR-880)$sprinceton_aco003786:

