=LDR  03051nam a2200517Mi 4500
=001  283793
=003  NjP
=006  m\\\\\\\\d\\\\\\\\
=007  cr\cn\|||m|||a
=008  200430s1979\\\\ir\\\\\\ob\\\\001\0\araod
=040  \\$aZYU$bara$erda$cZYU
=041  0\$aara$aper
=050  \4$aBP188.4$b.A4 1958
=100  1\$6880-01$aAharī, ʻAbd al-Qādir ibn Ḥamzah ibn Yāqūt,$d-1259.
=245  13$6880-02$aal-Aqṭāb al-quṭbīyah, aw, al-Bulghah fī al-ḥikmah /$cʻAbd al-Qādir ibn Ḥamzah ibn Yāqūt al-Aharī ; bā muqaddamah va taṣḥīḥ-i Muḥammad Taqī Dānishʹpazhūh.
=246  3\$6880-03$aAqṭāb al-quṭbīyah
=246  3\$6880-04$aBulghah fī al-ḥikmah
=260  \\$6880-05$aTihrān :$bAnjuman-i Falsafah-ʼi Īrān,$c1358 [1979]
=300  \\$aonline resource (5, 19, 272 pages)
=336  \\$atext$2rdacontent
=337  \\$acomputer$2rdamedia
=338  \\$aonline resource$2rdacarrier
=490  1\$6880-06$aIntishārāt-i Anjuman-i Falsafah-ʼi Īrān ;$vshumārah-i 45
=500  \\$aText in Arabic; introd. in Persian.
=500  \\$aPart of the Arabic Collections Online (ACO) project, contributed by Princeton University Libraries.
=533  \\$aElectronic reproduction.$bNew York, N.Y. :$cNew York University,$d2020.$5NNU
=650  \0$aSufism$vEarly works to 1800.
=650  \7$aSufism.$2fast$0(OCoLC)fst01137257
=655  \7$aEarly works.$2fast$0(OCoLC)fst01411636
=700  1\$6880-07$aDānishʹpazhūh, Muḥammad Taqī.
=710  2\$aPrinceton University.$bLibrary.
=730  0\$aArabic Collections Online.
=776  08$iOnline version:$aAharī, ʻAbd al-Qādir ibn Ḥamzah ibn Yāqūt, -1259.$tAqṭāb al-quṭbīyah, aw, al-Bulghah fī al-ḥikmah.$dTihrān : Anjuman-i Falsafah-ʼi Īrān, 1358 [1979]$w(OCoLC)701269018
=776  08$iPrint version:$aAharī, ʻAbd al-Qādir ibn Ḥamzah ibn Yāqūt, -1259.$tal-Aqṭāb al-quṭbīyah, aw, al-Bulghah fī al-ḥikmah$w(NjP)283793$w(OCoLC)17382107
=830  \0$6880-08$aIntishārāt-i Anjuman-i Falsafah-ʼi Īrān ;$vshumārah-i 45.
=856  40$uhttp://hdl.handle.net/2333.1/2bvq8d03 
=880  1\$6100-01$aأهري، عبد القادر بن حمزة بن ياقوت ,$d-1259.
=880  12$6245-02$aالأقطاب القطبية، أو، البلغة في الحکمة /$cعبد القادر بن حمزة بن ياقوت الأهري ؛ با مقدمه وتصحيح محمد تقي دانش پژوه.
=880  3\$6246-03$aاقطاب القطبية
=880  3\$6246-04$aبلغة في الحكمة
=880  \\$6260-05$aتهران :$bانجمن فلسفۀ ايران،$c٨٥٣١.
=880  1\$6490-06$aانتشارات انجمن فلسفۀ ايران ؛$vشماره 45
=880  1\$6700-07$aدانش پژوه، محمد تقى.
=880  \0$6830-08$aانتشارات انجمن فلسفۀ ايران ؛$vشماره 45.
=959  \\$aNNU$bWEB$cGENI$t0$mElectronic access$s01
=999  \\$iNjP_283793$o(OCoLC)ocm17382107$sprinceton_aco003908:$e(ERROR-880)$sprinceton_aco003908:

