=LDR  02373nam a2200397Mi 4500
=001  4148029
=003  NjP
=006  m\\\\\\\\d\\\\\\\\
=007  cr\cn\|||m|||a
=008  200430m19581960sy\\\\\\o\\\\\000\0\ara\d
=040  \\$aZYU$bara$erda$cZYU
=043  \\$aa-sy---
=050  \4$aDS98$b.K3 1958
=100  1\$6880-01$aKayyālī, ʻAbd al-Raḥmān.
=245  13$6880-02$aal-Marāḥil fī al-intidāb al-Faransī wa-fī niḍālinā al-waṭanī /$cʻAbd al-Raḥmān al-Kayyālī.
=260  \\$6880-03$aḤalab, Sūriyā :$b[publisher not identified],$c1958-1960$e(Ḥalab :$fMaṭbaʻat al-Ḍād)
=300  \\$aonline resource (4 volumes in 3)
=336  \\$atext$2rdacontent
=337  \\$acomputer$2rdamedia
=338  \\$aonline resource$2rdacarrier
=500  \\$aPart of the Arabic Collections Online (ACO) project, contributed by Princeton University Libraries.
=505  1\$aAl-Juzʼ 1. Min ʻām 1926 ḥattá nihāyat ʻām 1939. -- al-Juzʼ 2. ʻAhd Dī Mārtil min ʻām 1933 ilá ʻām 1934. -- al-Juzʼ 3. ʻAhd Dī Mārtil min ʻām 1934 liá ʻām 1936. -- al-Juzʼ 4. Min ʻām 1936-1939.
=533  \\$aElectronic reproduction.$bNew York, N.Y. :$cNew York University,$d2020.$5NNU
=651  \0$aSyria$xHistory$y20th century.
=651  \7$aSyria.$2fast$0(OCoLC)fst01208757
=648  \7$a1900-1999$2fast
=655  \7$aHistory.$2fast$0(OCoLC)fst01411628
=710  2\$aPrinceton University.$bLibrary.
=730  0\$aArabic Collections Online.
=776  08$iPrint version:$aKayyālī, ʻAbd al-Raḥmān.$tal-Marāḥil fī al-intidāb al-Faransī wa-fī niḍālinā al-waṭanī$w(NjP)4148029$w(OCoLC)38785670
=856  40$uhttp://hdl.handle.net/2333.1/4xgxdbt3 
=880  1\$6100-01$aكيالي، عبد الرحمن.
=880  12$6245-02$aالمراحل في الانتداب الفرنسي وفي نضالنا الوطني /$cعبد الرحمن الكيالي.
=880  \\$6260-03$aحلب، سوريا :$b[publisher not identified]،$c1958-1960$e(حلب :$fمطبعة الضاد)
=959  \\$aNNU$bWEB$cGENI$t0$mElectronic access$s01
=999  \\$iNjP_4148029$o(OCoLC)ocm38785670$sprinceton_aco004372:v. 1$sprinceton_aco004373:v. 2$sprinceton_aco004374:v. 3$sprinceton_aco004375:v. 4$e(ERROR-880)$sprinceton_aco004372:v. 1$sprinceton_aco004373:v. 2$sprinceton_aco004374:v. 3$sprinceton_aco004375:v. 4

