=LDR  03371nam a2200481Mi 4500
=001  291374
=003  NjP
=006  m\\\\\\\\d\\\\\\\\
=007  cr\cn\|||m|||a
=008  200430m19509999lb\\\\\\o\\\\\001\0\arar\
=040  \\$aZYU$bara$erda$cZYU
=050  00$aPJ7521$b.D3
=100  1\$6880-01$aDāghir, Yūsuf Asʻad.
=245  10$6880-02$aMaṣādir al-dirāsāt al-adabīyah :$bwafqān li-manāhij al-taʻlīm al-rasmīyah : Lubnān, Sūriyā, al-ʻIrāq, Miṣr /$cTaʼlīf Yūsuf Asʻad Dāghir.
=260  \\$6880-03$aSayḍā, Lubnān :$bMaṭbaʻat Dayr al-Mukhliṣ,$c[1950]-<1983>
=300  \\$aonline resource (4 volumes in 6.)
=336  \\$atext$2rdacontent
=337  \\$acomputer$2rdamedia
=338  \\$aonline resource$2rdacarrier
=490  1\$6880-04$aManshūrāt al-Jāmiʻah al-Lubnānīyah. Qism al-Dirāsāt al-Adabīyah ;$v7
=500  \\$aVol. 1 has cover title: Éléments de bio-bibliographie de la littérature arabe, conforme aux programmes officiels de l'enseignement: Liban, Syrie, Iraq, Égypte; v. 3, cover title: Éléments de bio-bibliographie de la litlérature arabe moderne.
=500  \\$aVol. 3 has series statement: Manshūrāt al-Jāmiʻah al-Lubnānīyah, Qism al-Dirāsāt al-Adabīyah.
=500  \\$aVol. 2 was not completed; cf. v. 3, pt. 1, author's pref., p. 15.
=500  \\$aIncludes indexes.
=500  \\$aPart of the Arabic Collections Online (ACO) project, contributed by Princeton University Libraries.
=505  1\$ajuzʼ1. Min al-ʻaṣr al-Jāhilī ilá ʻaṣr al-nahḍah (2 v. )--juzʼ 2., qism 1. al-Rāḥilūn, 1800-1955 -- juzʼ 3. al-Rāḥilūn, 1800-1972 -- qism 1. Arslān -- al-ʻAẓm -- qism 2. al-ʻAqqād -- Yanī (2 v. ).
=533  \\$aElectronic reproduction.$bNew York, N.Y. :$cNew York University,$d2020.$5NNU
=650  \0$aArabic literature$vBio-bibliography.
=650  \7$aArabic literature.$2fast$0(OCoLC)fst00812478
=655  \7$aBio-bibliography.$2fast$0(OCoLC)fst01423685
=710  2\$aPrinceton University.$bLibrary.
=730  0\$aArabic Collections Online.
=740  0\$aÉléments de bio-bibliographie de la littérature arabe, conforme aux programmes officiels de l'enseignement.
=776  08$iPrint version:$aDāghir, Yūsuf Asʻad.$tMaṣādir al-dirāsāt al-adabīyah$w(NjP)291374$w(DLC)   59034985 $w(OCoLC)19810110
=830  \0$6880-05$aManshūrāt Jāmiʻat al-Lubnānīyah. Qism al-Dirāsāt al-Adabīyah ;$v7.
=856  40$uhttp://hdl.handle.net/2333.1/2fqz69pq 
=880  1\$6100-01$aداغر، يوسف اسعد.
=880  10$6245-02$aمصادر الدراسات الأدبية :$bوفقا لمناهج التعليم الرسمية : لبنان، سوريا، العراق، مصر /$cتأليف يوسف اسعد داغر.
=880  \\$6260-03$aصيدا، لبنان :$bمطبعة دير المخلص،$c[١٩٥٠]-١٩٨٣.
=880  1\$6490-04$aمنشورات الجامعة اللبنانية. قسم الدراسات الأدبية ؛$v٧
=880  \0$6830-05$aمنشورات الجامعة اللبنانية.$pقسم الدراسات الأدبية ؛ $v٧.
=959  \\$aNNU$bWEB$cGENI$t0$mElectronic access$s01
=999  \\$iNjP_291374$o(OCoLC)ocm19810110$sprinceton_aco002815:Juz 1$sprinceton_aco004004:Juz 2$e(ERROR-880)$sprinceton_aco002815:Juz 1$sprinceton_aco004004:Juz 2

