=LDR  02005nam a2200409Mi 4500
=001  2764869
=003  NjP
=006  m\\\\\\\\d\\\\\\\\
=007  cr\cn\|||m|||a
=008  200430s1936\\\\sy\c\\\\o\\\\\010\0\ara\d
=040  \\$aZYU$bara$erda$cZYU
=041  0\$aara$amul
=050  \4$aCT1918.F2$bC5
=100  1\$6880-01$aChuqqī, Murād Fuʼād.
=245  10$6880-02$aNaʻūm Fāʼiq :$bdhikrá wa-takhlīd /$cbi-qalam Murād Fuʼād Chuqqī
=260  \\$6880-03$aDamascus :$bMatbaʻah al-Ḥadīth,$c1936.
=300  \\$aonline resource (383 pages) :$bportrait
=336  \\$atext$2rdacontent
=337  \\$acomputer$2rdamedia
=338  \\$aonline resource$2rdacarrier
=500  \\$aPart of the Arabic Collections Online (ACO) project, contributed by Princeton University Libraries.
=504  \\$aIncludes bibliographical references.
=533  \\$aElectronic reproduction.$bNew York, N.Y. :$cNew York University,$d2020.$5NNU
=546  \\$aIncludes eulogies and elegies in Arabic, Syriac, Karshuni Turkish, French, English, German and Armenian; also excerpts from the writings of Naʻūm Fāʼiq in Syriac, Arabic and Turkish.
=600  10$aFaik, Naum,$d1868-1930.
=600  17$aFaik, Naum,$d1868-1930.$2fast$0(OCoLC)fst01800845
=700  1\$6880-04$aFaik, Naum,$d1868-1930.
=710  2\$aPrinceton University.$bLibrary.
=730  0\$aArabic Collections Online.
=776  08$iPrint version:$aChuqqī, Murād Fuʼād.$tNaʻūm Fāʼiq$w(NjP)2764869$w(OCoLC)25069726
=856  40$uhttp://hdl.handle.net/2333.1/vmcvdz4h 
=880  1\$6100-01$aچقي، مراد فؤاد.
=880  10$6245-02$aنعوم فائق :$bذكرى وتخليد  /$cبقلم مراد فؤاد چقي.
=880  \\$6260-03$a‏‏دمشق :‏$b‏المطبعة الحديثة،‏$c‏1936.
=880  1\$6700-04$a‏فائق، نعوم،$d1868-1930.
=959  \\$aNNU$bWEB$cGENI$t0$mElectronic access$s01
=999  \\$iNjP_2764869$o(OCoLC)ocm25069726$sprinceton_aco002361$e(ERROR-880)$sprinceton_aco002361

