=LDR  01897nam a2200409Mi 4500
=001  985898
=003  NjP
=006  m\\\\\\\\d\\\\\\\\
=007  cr\cn\|||m|||a
=008  200430s1990\\\\ir\\\\\\ob\\\\000\0\ara\d
=040  \\$aZYU$bara$erda$cZYU
=050  14$aBP183.6$b.S525 1990
=100  1\$6880-01$aShams al-Wāʻiẓīn, Muḥammad Ṣādiq.
=245  10$6880-02$aḌāllat al-khaṭīb /$ctaʼlīf Muḥammad Ṣādiq Shams al-Wāʻiẓīn.
=250  \\$6880-03$aal-Ṭabʻah 1.
=260  \\$6880-04$aṬihrān :$bMuʼassasat al-Aʻlamī,$c1369 [1990]
=300  \\$aonline resource (291, [1] pages)
=336  \\$atext$2rdacontent
=337  \\$acomputer$2rdamedia
=338  \\$aonline resource$2rdacarrier
=500  \\$aPart of the Arabic Collections Online (ACO) project, contributed by Princeton University Libraries.
=504  \\$aIncludes bibliographical references.
=533  \\$aElectronic reproduction.$bNew York, N.Y. :$cNew York University,$d2020.$5NNU
=650  \0$aIslamic sermons, Arabic.
=650  \0$aIslamic preaching.
=650  \7$aIslamic preaching.$2fast$0(OCoLC)fst00980042
=650  \7$aIslamic sermons, Arabic.$2fast$0(OCoLC)fst00980059
=710  2\$aPrinceton University.$bLibrary.
=730  0\$aArabic Collections Online.
=776  08$iPrint version:$aShams al-Wāʻiẓīn, Muḥammad Ṣādiq.$tḌāllat al-khaṭīb$w(NjP)985898$w(OCoLC)32884539
=856  40$uhttp://hdl.handle.net/2333.1/4mw6mkn3 
=880  1\$6100-01$aشمس الواعظين، محمد صادق.
=880  10$6245-02$aضالة الخطيب /$cتأليف محمد صادق شمس الواعظين.
=880  \\$6250-03$aالطبعة 1.
=880  \\$6260-04$aطهران :$bمؤسسة الاعلمي،$c1369 [1990]
=959  \\$aNNU$bWEB$cGENI$t0$mElectronic access$s01
=999  \\$iNjP_985898$o(OCoLC)ocm32884539$sprinceton_aco002961$e(ERROR-880)$sprinceton_aco002961

