=LDR  01924nam a2200385Mi 4500
=001  2767979
=003  NjP
=006  m\\\\\\\\d\\\\\\\\
=007  cr\cn\|||m|||a
=008  200430s1970\\\\iq\\\\\\ob\\\\000\0\arar\
=040  \\$aZYU$bara$erda$cZYU
=050  04$aJX1954$b.A82 1970
=100  1\$6880-01$aʻAṭṭār, Ḥasan,$d1937-$eauthor.
=245  13$6880-02$aal-Munaẓẓamāt al-dawlīyah /$cal-duktūr Ḥasan al-ʻAṭṭār duktūrāh dawlah fī al-ʻUlūm al-Sīyāsīyah, Jāmiʻat Bārīs.
=250  \\$6880-03$aal-Ṭabʻah al-ūlá.
=264  \1$6880-04$aBaghdād :$bMaṭbaʻat Shafīq,$c1970.
=300  \\$aonline resource (396 pages)
=336  \\$atext$2rdacontent
=337  \\$acomputer$2rdamedia
=338  \\$aonline resource$2rdacarrier
=500  \\$aPart of the Arabic Collections Online (ACO) project, contributed by Princeton University Libraries.
=504  \\$aIncludes bibliographical references.
=533  \\$aElectronic reproduction.$bNew York, N.Y. :$cNew York University,$d2020.$5NNU
=650  \0$aInternational organization.
=650  \7$aInternational organization.$2fast$0(OCoLC)fst00977038
=710  2\$aPrinceton University.$bLibrary.
=730  0\$aArabic Collections Online.
=776  08$iPrint version:$aʻAṭṭār, Ḥasan, 1937- author.$tal-Munaẓẓamāt al-dawlīyah$w(NjP)2767979$w(DLC)  71271027 $w(OCoLC)29774116
=856  40$uhttp://hdl.handle.net/2333.1/m63xstts 
=880  1\$6100-01$aعطار، حسن،$d1937-
=880  12$6245-02$aالمنظمات الدولية /$cالدكتور حسن العطار دكتوراه دولة في العلوم السياسية، جامعة باريس.
=880  \\$6250-03$aالطبعة الأولى.
=880  \1$6264-04$aبغداد :$bمطبعة شفيق،$c1970.
=959  \\$aNNU$bWEB$cGENI$t0$mElectronic access$s01
=999  \\$iNjP_2767979$o(OCoLC)ocm29774116$sprinceton_aco001972$sprinceton_aco001972

