=LDR  02585nam a2200457Mi 4500
=001  2772156
=003  NjP
=006  m\\\\\\\\d\\\\\\\\
=007  cr\cn\|||m|||a
=008  200430s1988\\\\ir\\\\\\ob\\\\000\0\ara\d
=040  \\$aZYU$bara$erda$cZYU
=050  \4$aKBL100$b.K4837 1988
=100  1\$6880-01$aShīrāzī, Muḥammad al-Mahdī al-Ḥusaynī.
=245  13$6880-02$aal-Wuṣūl ilá Kifāyat al-Uṣūl /$ctaʼlīf Muḥammad al-Ḥusaynī al-Shīrāzī.
=250  \\$6880-03$aal-Ṭabʻah al-jadīdah.
=260  \\$6880-04$aQum, Īrān :$bDār al-Īmān,$c1988.
=300  \\$aonline resource (5 volumes)
=336  \\$atext$2rdacontent
=337  \\$acomputer$2rdamedia
=338  \\$aonline resource$2rdacarrier
=500  \\$aPart of the Arabic Collections Online (ACO) project, contributed by Princeton University Libraries.
=504  \\$aIncludes bibliographical references.
=533  \\$aElectronic reproduction.$bNew York, N.Y. :$cNew York University,$d2020.$5NNU
=600  10$aKhurāsānī, Muḥammad Kāẓim,$d1839 or 1840-1911.$tKifāyat al-uṣūl.
=650  \0$aIslamic law$xInterpretation and construction.
=650  \0$aShiites.
=650  \7$aIslamic law$xInterpretation and construction.$2fast$0(OCoLC)fst00979955
=650  \7$aShiites.$2fast$0(OCoLC)fst01115976
=700  1\$6880-05$aKhurāsānī, Muḥammad Kāẓim,$d1839 or 1840-1911.$tKifāyat al-Uṣūl.
=710  2\$aPrinceton University.$bLibrary.
=730  0\$aArabic Collections Online.
=752  \\$aIran$dQum.
=776  08$iPrint version:$aShīrāzī, Muḥammad al-Mahdī al-Ḥusaynī.$tal-Wuṣūl ilá Kifāyat al-Uṣūl$w(NjP)2772156$w(OCoLC)37697667
=856  40$uhttp://hdl.handle.net/2333.1/v6wwq868 
=880  1\$6100-01$aشيرازي، محمد المهدي الحسيني.
=880  12$6245-02$aالوصول الى كفاية الأصول /$cتأليف محمد الحسيني الشيرازي.
=880  \\$6250-03$aالطبعة ٢.، الطبعة الجديدة، محققة ومنقحة.
=880  \\$6260-04$aقم، ايران :$bدار الإيمان،$c١٩٨٨.
=880  1\$6700-05$aخراساني، محمد كاظم.$tكفاية الأصول.
=959  \\$aNNU$bWEB$cGENI$t0$mElectronic access$s01
=999  \\$iNjP_2772156$o(OCoLC)ocm37697667$sprinceton_aco003885:v. 1$sprinceton_aco003886:v. 2$sprinceton_aco003887:v. 3$sprinceton_aco003888:v. 4$sprinceton_aco003889:v. 5$e(ERROR-880)$sprinceton_aco003885:v. 1$sprinceton_aco003886:v. 2$sprinceton_aco003887:v. 3$sprinceton_aco003888:v. 4$sprinceton_aco003889:v. 5

