=LDR  02805nam a2200481Mi 4500
=001  2786765
=003  NjP
=006  m\\\\\\\\d\\\\\\\\
=007  cr\cn\|||m|||a
=008  200430s1894\\\\ua\\\\\\o\\\\\000\0\ara\\
=040  \\$aZYU$bara$erda$cZYU
=043  \\$aa-tu---
=050  00$aKKX494$b1894
=100  0\$6880-01$aMesut Efendi. 
=245  10$6880-02$aMirʼāt al-majallah :$bwa-hiya sharḥ majallat al-qawānīn al-sharʻīyah wa-al-aḥkām al-ʻadlīyah /$ciʻtaná bi-hā Yūsuf Āṣāf.
=260  \\$6880-03$aMiṣr :$bal-Maṭbaʻah al-ʻUmūmīyah,$c1894.
=300  \\$aonline resource (2 volumes)
=336  \\$atext$2rdacontent
=337  \\$acomputer$2rdamedia
=338  \\$aonline resource$2rdacarrier
=500  \\$a"Wa-al-Majallah ... kāna aṣl waḍʻahā bi-al-lughah al-Turkīyah ... wa-qad ʻatharat ʻalá nuskhah minhā fī al-lughah al-Turkīyah wa-ʻalá kull māddah sharḥ bi-al-lughah al-ʻArabīyah wa-jayyiz al-ʻibārah ... fa-khaṭara ʻalá fikrī an abdala al-ʻibārah al-Turkīyah li-kull māddah bi-al-ʻibārah al-ʻArabīyah wāḍiʻ taḥtahā al-sharḥ al-ʻArabī al-majʻūl la-hā ... ama al-sharḥ falfaḍīlatlū wa-fakhāmatlū Masʻūd Afandī"--Introduction.
=500  \\$aPart of the Arabic Collections Online (ACO) project, contributed by Princeton University Libraries.
=533  \\$aElectronic reproduction.$bNew York, N.Y. :$cNew York University,$d2020.$5NNU
=546  \\$aIn Arabic.
=610  10$aTurkey.$tMecelle.
=650  \0$aCivil law$zTurkey.
=650  \0$aIslamic law$zTurkey.
=630  07$aMecelle (Turkey)$2fast$0(OCoLC)fst01378049
=650  \7$aCivil law.$2fast$0(OCoLC)fst00862544
=650  \7$aIslamic law.$2fast$0(OCoLC)fst00979949
=651  \7$aTurkey.$2fast$0(OCoLC)fst01208963
=700  1\$6880-04$aĀṣāf, Yūsuf.
=710  2\$aPrinceton University.$bLibrary.
=730  0\$aArabic Collections Online.
=776  08$iOnline version:$aMesut Efendi.$tMirʼāt al-majallah.$dMiṣr : al-Maṭbaʻah al-ʻUmūmīyah, 1894$w(OCoLC)663111019
=776  08$iPrint version:$aMesut Efendi.$tMirʼāt al-majallah$w(NjP)2786765$w(DLC)   75549724 $w(OCoLC)42831971
=856  40$uhttp://hdl.handle.net/2333.1/h70rz642 
=880  0\$6100-01$aمسعود افندي. 
=880  10$6245-02$aمرأة المجلة :$bوهي شرح مجلة القوانين الشرعية والاحكام العدلية /$cاعتنى بها يوسف آصاف.
=880  \\$6260-03$aمصر :$bالمطبعة العمومية,$c1894.
=880  1\$6700-04$aآصاف، يوسف.
=959  \\$aNNU$bWEB$cGENI$t0$mElectronic access$s01
=999  \\$iNjP_2786765$o(OCoLC)ocm42831971$sprinceton_aco004141:v.1$sprinceton_aco004142:v.2$e(ERROR-880)$sprinceton_aco004141:v.1$sprinceton_aco004142:v.2

