=LDR  02009nam a2200361Mi 4500
=001  2786382
=003  NjP
=006  m\\\\\\\\d\\\\\\\\
=007  cr\cn\|||m|||a
=008  200430s1895\\\\le\\\\\\o\\\\\000\0\ara\d
=040  \\$aZYU$bara$erda$cZYU
=041  0\$aara$atur
=050  \4$aPN6267.A7$bA23 1895
=100  0\$6880-01$aʻAbd ur-Raḥmān Sāmī,$cpasha,$d1795-1881
=245  10$6880-02$aRumūz al-ḥikam /$cmaʻa tarjamatihi al-ʻArabīyah bi-qalam ʻAbd al-Laṭīf najl al-ʻallāmah al-shahīr Aḥmad al-Sultānī.
=260  \\$6880-03$aTripoli, Lebanon :$bMaṭbaʻat al-Balāghah,$c1312 [1895]
=300  \\$aonline resource (169 pages)
=336  \\$atext$2rdacontent
=337  \\$acomputer$2rdamedia
=338  \\$aonline resource$2rdacarrier
=500  \\$aPart of the Arabic Collections Online (ACO) project, contributed by Princeton University Libraries.
=533  \\$aElectronic reproduction.$bNew York, N.Y. :$cNew York University,$d2020.$5NNU
=546  \\$aIn Turkish and Arabic.
=710  2\$aPrinceton University.$bLibrary.
=730  0\$aArabic Collections Online.
=776  08$iOnline version:$aʻAbd ur-Raḥmān Sāmī, pasha, 1795-1881.$tRumūz al-ḥikam.$dTripoli, Lebanon, Maṭbaʻat al-Balāghah, 1312 [1895]$w(OCoLC)657100623
=776  08$iPrint version:$aʻAbd ur-Raḥmān Sāmī, pasha, 1795-1881$tRumūz al-ḥikam$w(NjP)2786382$w(OCoLC)42824585
=856  40$uhttp://hdl.handle.net/2333.1/kh189crz 
=880  0\$6100-01$aعبد الرحمن سامي،$cباشا،$d1795-1881
=880  10$6245-02$aرموز الحكم /$cتأليف حضرة العالم العلامة ... عبد الرحمن سامي ؛ مع ترجمته العربية بقلم عبد اللطيف نجل وأحمد السلطاني.
=880  \\$6260-03$aطرابلس الشام :$bمطبعة البلاغة،$c1312 [1895]
=959  \\$aNNU$bWEB$cGENI$t0$mElectronic access$s01
=999  \\$iNjP_2786382$o(OCoLC)ocm42824585$sprinceton_aco004161:$e(ERROR-880)$sprinceton_aco004161:

