=LDR  02238nam a2200445Mi 4500
=001  1080042
=003  NjP
=006  m\\\\\\\\d\\\\\\\\
=007  cr\cn\|||m|||a
=008  200430s1983\\\\ir\\\\\\o\\\\\000\0\ara\d
=040  \\$aZYU$bara$erda$cZYU
=041  1\$aara$hper
=043  \\$aa-ir---
=050  14$aDS318.8$b.M8312 1983
=100  1\$6880-01$aMuhājirī, Masīḥ.
=240  10$6880-02$aInqilab-i Islāmī.$lArabic
=245  13$6880-03$aal-Thawrah al-Islāmīyah :$bmasīrah ẓāfirah wa-mustaqbal zāzir /$cMasīḥ Muhājirī ; al-mutarjim, Samīr Arshadī.
=250  \\$6880-04$aal-Ṭabʻah 1.
=260  \\$6880-05$a[Iran] :$bMarkaz Iʻlām al-Dhikrá al-Khāmisah li-Intiṣār al-Thawrah al-Islāmīyah fī Īrān,$c1404 [1983 or 1984]
=300  \\$aonline resource (176 pages)
=336  \\$atext$2rdacontent
=337  \\$acomputer$2rdamedia
=338  \\$aonline resource$2rdacarrier
=500  \\$aPart of the Arabic Collections Online (ACO) project, contributed by Princeton University Libraries.
=533  \\$aElectronic reproduction.$bNew York, N.Y. :$cNew York University,$d2020.$5NNU
=651  \0$aIran$xPolitics and government$y1979-1997.
=650  \7$aPolitics and government$2fast$0(OCoLC)fst01919741
=651  \7$aIran.$2fast$0(OCoLC)fst01204889
=648  \7$a1979-1997$2fast
=710  2\$aPrinceton University.$bLibrary.
=730  0\$aArabic Collections Online.
=776  08$iPrint version:$aMuhājirī, Masīḥ.$tal-Thawrah al-Islāmīyah$w(NjP)1080042$w(OCoLC)35404862
=856  40$uhttp://hdl.handle.net/2333.1/xgxd2fwn 
=880  1\$6100-01$aمهاجري، مسيح.
=880  10$6240-02$aانقلب اسلامى.$lارب
=880  12$6245-03$aالثورة الاسلامية :$bمسيرة ظافرة ومستقبل زاهر /$cمسيح مهاجري ؛ المترجم، سمير ارشدي.
=880  \\$6250-04$aالطبعة 1.
=880  \\$6260-05$a[ايران] :$bمركز اعلام الذكرى الخامسة لاانتصار الثورة الاسلامية في ايران،$c1404 [1983 or 1984] 
=959  \\$aNNU$bWEB$cGENI$t0$mElectronic access$s01
=999  \\$iNjP_1080042$o(OCoLC)ocm35404862$sprinceton_aco004155:$e(ERROR-880)$sprinceton_aco004155:

