=LDR  02865nam a2200481Mi 4500
=001  443042
=003  NjP
=006  m\\\\\\\\d\\\\\\\\
=007  cr\cn\|||m|||a
=008  200430s1978\\\\ir\\\\\\o\\\\\000\0\ara\d
=040  \\$aZYU$bara$erda$cZYU
=050  \4$aBP194$b.S5335 1978
=100  1\$6880-01$aShahīd al-Awwal, Muḥammad ibn Makkī,$d1333 or 1334-1380.
=240  10$6880-02$aDurūs al-sharʻīyah fī fiqh al-Imāmīyah
=245  10$6880-03$aKitāb al-durūs al-sharʻīyah fī al-fiqh al-Imāmīyah /$cli-muʼallifihi Abī ʻAbd Allāh Muḥammad ibn Makkī al-ʻĀmilī ; ṣaḥḥaḥahu wa-ʻallaqa ʻalayhi Mahdī al-Lāzwardī al-Ḥusaynī.
=246  14$6880-04$aKitāb al-durūs al-sharʻīyah fī fiqh al-Imāmīyah
=246  30$6880-05$aDurūs al-sharʻīyah fī al-fiqh al-Imāmīyah
=260  \\$6880-06$aQum :$bIntishārāt-i Ṣādiqī,$c1398 [1978]
=300  \\$aonline resource (436 pages)
=336  \\$atext$2rdacontent
=337  \\$acomputer$2rdamedia
=338  \\$aonline resource$2rdacarrier
=500  \\$aPart of the Arabic Collections Online (ACO) project, contributed by Princeton University Libraries.
=533  \\$aElectronic reproduction.$bNew York, N.Y. :$cNew York University,$d2020.$5NNU
=650  \0$aShīʻah$xDoctrines$vEarly works to 1800.
=650  \0$aIslamic law$xInterpretation and construction$vEarly works to 1800.
=650  \7$aIslamic law$xInterpretation and construction.$2fast$0(OCoLC)fst00979955
=650  \7$aShīʻah$xDoctrines.$2fast$0(OCoLC)fst01117948
=655  \7$aEarly works.$2fast$0(OCoLC)fst01411636
=700  1\$6880-07$aLājwardī al-Ḥusaynī, Mahdī.
=710  2\$aPrinceton University.$bLibrary.
=730  0\$aArabic Collections Online.
=776  08$iPrint version:$aShahīd al-Awwal, Muḥammad ibn Makkī, 1333 or 1334-1380.$tKitāb al-durūs al-sharʻīyah fī al-fiqh al-Imāmīyah$w(NjP)443042$w(OCoLC)25521248
=856  40$uhttp://hdl.handle.net/2333.1/2fqz69qz 
=880  1\$6100-01$aشهيد الأول، محمد بن مكي،$d1333 أو 4-1380.
=880  10$6240-02$aدروس الشرعية في فقه الإمامية
=880  10$6245-03$aكتاب الدروس الشرعية في الفقه الإمامية /$cلمؤلفه أبي عبد الله محمد بن مكي العاملي ؛ صححه وعلق عليه مهدي اللازوردي الحسيني.
=880  14$6246-04$aكتاب الدروس الشرعية في فقه الإمامية
=880  30$6246-05$aدروس الشرعية في الفقه الإمامية
=880  \\$6260-06$aقم :$bانتشارات صادقى،$c1398 [1978]
=880  1\$6700-07$aلاجوردي الحسيني، مهدي.
=959  \\$aNNU$bWEB$cGENI$t0$mElectronic access$s01
=999  \\$iNjP_443042$o(OCoLC)ocm25521248$sprinceton_aco003460:$sprinceton_aco003460:

