=LDR  02351nam a2200385Mi 4500
=001  395089
=003  NjP
=006  m\\\\\\\\d\\\\\\\\
=007  cr\cn\|||m|||a
=008  200430m19341936ua\\\\\\o\\\\\000\0cara\d
=040  \\$aZYU$bara$erda$cZYU
=050  \4$aD198.3$b.S16 1934
=100  1\$6880-01$aSakhāwī, Muḥammad ibn ʻAbd al-Raḥmān,$d1427 or 1428-1497.
=245  13$6880-02$aal-Ḍawʼ al-lāmiʻ li-ahl al-qarn al-tāsiʻ /$ctaʻlīf Shams al-Dīn Muḥammad ibn ʻAbd al-Raḥmān al-Sakhāwī.
=260  \\$6880-03$aal-Qāhirah :$bMaktabat al-Qudsī,$c1353-1355 [1934 or 1935-1936 or 1937]
=300  \\$aonline resource (12 volumes in 6)
=336  \\$atext$2rdacontent
=337  \\$acomputer$2rdamedia
=338  \\$aonline resource$2rdacarrier
=500  \\$aPart of the Arabic Collections Online (ACO) project, contributed by Princeton University Libraries.
=533  \\$aElectronic reproduction.$bNew York, N.Y. :$cNew York University,$d2020.$5NNU
=650  \0$aMuslims$vBiography.
=650  \0$aArabs$vBiography.
=650  \7$aArabs.$2fast$0(OCoLC)fst00812576
=650  \7$aMuslims.$2fast$0(OCoLC)fst01031029
=655  \7$aBiographies.$2fast$0(OCoLC)fst01919896
=710  2\$aPrinceton University.$bLibrary.
=730  0\$aArabic Collections Online.
=776  08$iPrint version:$aSakhāwī, Muḥammad ibn ʻAbd al-Raḥmān, 1427 or 1428-1497.$tal-Ḍawʼ al-lāmiʻ li-ahl al-qarn al-tāsiʻ$w(NjP)395089$w(OCoLC)23515225
=856  40$uhttp://hdl.handle.net/2333.1/qjq2c5fb 
=880  1\$6100-01$aسخاوي، محمد بن عبد الرحمن،$d1427 or 1428-1497.
=880  12$6245-02$aالضوء اللامع لأهل القرن التاسع /$cتأليف شمس الدين محمد بن عبد الرحمن السخاوي.
=880  \\$6260-03$aالقاهرة :$bمكتبة القدس،$c1353-1355 [1934 or 1935-1936 or 1937]
=959  \\$aNNU$bWEB$cGENI$t0$mElectronic access$s01
=999  \\$iNjP_395089$o(OCoLC)ocm23515225$sprinceton_aco002360:v.1$sprinceton_aco002391:v.2$sprinceton_aco002373:v.3-4$sprinceton_aco002372:v.5-6$sprinceton_aco002371:v.7-8$sprinceton_aco002370:v.9-10$sprinceton_aco002356:v.11-12$sprinceton_aco002360:v.1$sprinceton_aco002391:v.2$sprinceton_aco002373:v.3-4$sprinceton_aco002372:v.5-6$sprinceton_aco002371:v.7-8$sprinceton_aco002370:v.9-10$sprinceton_aco002356:v.11-12

