=LDR  02507nam a2200421Mi 4500
=001  2755989
=003  NjP
=006  m\\\\\\\\d\\\\\\\\
=007  cr\cn\|||m|||a
=008  200430s1972\\\\ir\\\\\\o\\\\\000\0\ara\d
=040  \\$aZYU$bara$erda$cZYU
=090  \\$aBP194$b.B34 1972
=100  1\$6880-01$aBahrānī, Hāshim al-Mūsavī,$d-1695.
=240  10$6880-02$aTartīb al-tahdhīb 
=245  10$6880-03$aKitāb tartīb al-tahdhīb /$cli ... Hāshim al-Mūsavī al-Bahrānī ... ; wa-yalīh Kitāb ḥujjat al-islām fī sharḥ tahdhīb al-aḥkām li ... Muḥammad al-Ṭāhir al-Shīrāzī.
=260  \\$6880-04$a[Tihrān] :$b[Muʼasasa-yi intishārāt qarāhānī],$c[1972]
=300  \\$aonline resource (3 volumes in 2)
=336  \\$atext$2rdacontent
=337  \\$acomputer$2rdamedia
=338  \\$aonline resource$2rdacarrier
=500  \\$aPart of the Arabic Collections Online (ACO) project, contributed by Princeton University Libraries.
=533  \\$aElectronic reproduction.$bNew York, N.Y. :$cNew York University,$d2020.$5NNU
=650  \0$aShīʻah.
=650  \0$aShīʻah$xCustoms and practices.
=650  \7$aShīʻah.$2fast$0(OCoLC)fst01117946
=650  \7$aShīʻah$xCustoms and practices.$2fast$0(OCoLC)fst01117947
=700  12$6880-05$aShirāzī, Muḥammad al-Ṭāhir al-Shīrāzī.$tKitāb ḥujjat al-islām fī sharḥ tahdhīb al-aḥkām.
=710  2\$aPrinceton University.$bLibrary.
=730  0\$aArabic Collections Online.
=776  08$iPrint version:$aBahrānī, Hāshim al-Mūsavī, -1695.$tKitāb tartīb al-tahdhīb$w(NjP)2755989$w(OCoLC)19870372
=856  40$uhttp://hdl.handle.net/2333.1/0gb5mw6m 
=880  1\$6100-01$aبهرانى، هاشم الموسوى،$d-1695.
=880  10$6240-02$aترتيب التهذيب
=880  10$6245-03$aكتاب ترتب التهذيب /$cلهاشم الموسوي البحراني ؛ و يليه كتاب حجة الإسلام في شرح تهذيب الأحكام لمحمد الطاهر الشيرازي.
=880  \\$6260-04$a[طهران] :$b[مؤسسة انتشارات قرهاني]،$c[1972]
=880  12$6700-05$aشيرازي، محمد الطاهر الشيرازي.$tكتاب حجة الاسلام في شرح تهذيب الاحكام.
=959  \\$aNNU$bWEB$cGENI$t0$mElectronic access$s01
=999  \\$iNjP_2755989$o(OCoLC)ocm19870372$sprinceton_aco003761:vol.1$sprinceton_aco004282:vol.2$e(ERROR-880)$sprinceton_aco003761:vol.1$sprinceton_aco004282:vol.2

