=LDR  02292nam a2200409Mi 4500
=001  2755597
=003  NjP
=006  m\\\\\\\\d\\\\\\\\
=007  cr\cn\|||m|||a
=008  200430s1961\\\\sy\a\\\\o\\\\\000\0\arar\
=040  \\$aZYU$bara$erda$cZYU
=043  \\$aa-sy---
=050  \4$aGT2774.5.S95$bS97 1961
=110  1\$6880-01$aSyria.$bWizārat al-Thaqāfah wa-al-Irshād al-Qawmī.
=245  10$6880-02$aTaqālīd al-zawāj fī al-iqlīm al-Sūrī.
=260  \\$6880-03$a[Dimashq] :$bDāʼirat al-Funūn al-Shaʻbīyah,$c[1961]
=300  \\$aonline resource (183 pages) :$billustrations
=336  \\$atext$2rdacontent
=337  \\$acomputer$2rdamedia
=338  \\$aonline resource$2rdacarrier
=500  \\$6880-04$aAt head of title: Wizārat al-Thaqāfah wa-al-Irshād al-Qawmī lil-Iqlīm al-Sūrī.
=500  \\$aPart of the Arabic Collections Online (ACO) project, contributed by Princeton University Libraries.
=533  \\$aElectronic reproduction.$bNew York, N.Y. :$cNew York University,$d2020.$5NNU
=650  \0$aMarriage customs and rites$zSyria.
=650  \7$aMarriage customs and rites.$2fast$0(OCoLC)fst01010592
=651  \7$aSyria.$2fast$0(OCoLC)fst01208757
=710  2\$aPrinceton University.$bLibrary.
=730  0\$aArabic Collections Online.
=776  08$iOnline version:$aSyria. Wizārat al-Thaqāfah wa-al-Irshād al-Qawmī.$tTaqālīd al-zawāj fī al-iqlīm al-Sūrī.$d[Dimashq] Dāʼirat al-Funūn al-Shaʻbīyah, [1961]$w(OCoLC)581768452
=776  08$iPrint version:$aSyria. Wizārat al-Thaqāfah wa-al-Irshād al-Qawmī.$tTaqālīd al-zawāj fī al-iqlīm al-Sūrī$w(NjP)2755597$w(DLC)ne 64000246 $w(OCoLC)19475151
=856  40$uhttp://hdl.handle.net/2333.1/nk98sr0c 
=880  1\$6110-01$aسوريا.$bوزارة الثقافة والارشاد القومي.
=880  10$6245-02$aتقاليد الزواج في الإقليم السوري.
=880  \\$6260-03$a[دمشق] :$bدائرة الفنون الشعبية،$c[1961]
=880  \\$6500-04$aAt head of title: وزارة الثقافة والارشاد القومي للاقليم السوري.
=959  \\$aNNU$bWEB$cGENI$t0$mElectronic access$s01
=999  \\$iNjP_2755597$o(OCoLC)ocm19475151$sprinceton_aco002512$e(ERROR-880)$sprinceton_aco002512

