=LDR  02584nam a2200409Mi 4500
=001  499073
=003  NjP
=006  m\\\\\\\\d\\\\\\\\
=007  cr\cn\|||m|||a
=008  200430s1979\\\\ir\\\\\\ob\\\\000\0\ara\d
=040  \\$aZYU$bara$erda$cZYU
=050  \4$aBP193.S337$bY3 1980
=100  1\$6880-01$aṢadr, Muḥammad.
=245  13$6880-02$aal-Yawm al-mawʻūd bayna al-fikr al-maddī wa-al-dīnī :$byatakaffala īḍāḥ al-mustaqbal al-saʻīd al-mawʻūd lil-basharīyah fī al-ḥaqlayn al-Mārksī wa-al-Islāmī wa-al-badīl al-ṣāliḥ ʻan "al-Māddīyah al-tārīkhīyah /$ctaʼlīf Muḥammad al-Ṣadr.
=260  \\$6880-03$aIṣfahān :$bMaktabat al-Imām Amīr al-Muʼminīn ʻAlī al-ʻĀmmah,$c1400 [1979 or 1980]
=300  \\$aonline resource (666 pages)
=336  \\$atext$2rdacontent
=337  \\$acomputer$2rdamedia
=338  \\$aonline resource$2rdacarrier
=490  1\$6880-04$aMawsūʻat al-Imām al-Mahdī ;$val-kitāb 4
=500  \\$aPart of the Arabic Collections Online (ACO) project, contributed by Princeton University Libraries.
=504  \\$aIncludes bibliographical references (pages 663-666).
=533  \\$aElectronic reproduction.$bNew York, N.Y. :$cNew York University,$d2020.$5NNU
=650  \0$aCommunism and Islam.
=650  \7$aCommunism and Islam.$2fast$0(OCoLC)fst00870476
=710  2\$aPrinceton University.$bLibrary.
=730  0\$aArabic Collections Online.
=776  08$iPrint version:$aṢadr, Muḥammad.$tal-Yawm al-mawʻūd bayna al-fikr al-maddī wa-al-dīnī$w(NjP)499073$w(OCoLC)26004400
=800  1\$6880-05$aṢadr, Muḥammad.$tMawsūʻat al-Imām al-Mahdī ;$val-kitāb 4.
=856  40$uhttp://hdl.handle.net/2333.1/z612jx03 
=880  1\$6100-01$aصدر، محمد. 
=880  12$6245-02$aاليوم الموعود بين الفكر المدي والديني :$bيتكفل ايضاح المستقبل السعيد الموعود للبشرية في الحقلين الماركسي والاسلامي والبديل الصالح عن "المادية التاريخية /$cتأليف محمد الصدر.
=880  \\$6260-03$aاصفهان :$bمكتبة الامام امير المؤمنين علي العامة،$c1400 [1979 or 1980]
=880  1\$6490-04$aموسوعة الامام المهدي ؛$vالكتاب 4
=880  1\$6800-05$aصدر، محمد.$tموسوعة الامام المهدي ؛$vالكتاب 4.
=959  \\$aNNU$bWEB$cGENI$t0$mElectronic access$s01
=999  \\$iNjP_499073$o(OCoLC)ocm26004400$sprinceton_aco003288$e(ERROR-880)$sprinceton_aco003288

