=LDR  02267nam a2200409Mi 4500
=001  2757141
=003  NjP
=006  m\\\\\\\\d\\\\\\\\
=007  cr\cn\|||m|||a
=008  200430m19541955iq\\\\\\o\\\\\000\0carard
=040  \\$aZYU$bara$erda$cZYU
=050  \4$aBP193$b.S58 1954
=100  1\$6880-01$aShubbar, ʻAbd Allāh ibn Muḥammad Riḍā,$d1774 or 1775-1826 or 1827.
=245  10$6880-02$aJalāʼ al-ʻuyūn /$ctaʼlīf ʻAbd Allāh Shubbar ; taṣaddá li-taṣḥīḥihi wa-al-taʻlīq ʻalayhi ʻAlī ibn Muḥammad ibn ʻAlī ibn Ḥusayn ibn ʻAbd Allāh.
=260  \\$6880-03$aal-Najaf :$bal-Maṭbaʻah al-Ḥaydarīyah,$c1954-1955.
=300  \\$aonline resource (3 volumes)
=336  \\$atext$2rdacontent
=337  \\$acomputer$2rdamedia
=338  \\$aonline resource$2rdacarrier
=500  \\$aPart of the Arabic Collections Online (ACO) project, contributed by Princeton University Libraries.
=533  \\$aElectronic reproduction.$bNew York, N.Y. :$cNew York University,$d2020.$5NNU
=650  \0$aHadith.
=650  \0$aShīʻah.
=650  \0$aMuslims$vBiography.
=650  \7$aHadith.$2fast$0(OCoLC)fst00950112
=650  \7$aMuslims.$2fast$0(OCoLC)fst01031029
=650  \7$aShīʻah.$2fast$0(OCoLC)fst01117946
=655  \7$aBiographies.$2fast$0(OCoLC)fst01919896
=710  2\$aPrinceton University.$bLibrary.
=730  0\$aArabic Collections Online.
=776  08$iPrint version:$aShubbar, ʻAbd Allāh ibn Muḥammad Riḍā, 1774 or 1775-1826 or 1827.$tJalāʼ al-ʻuyūn$w(NjP)2757141$w(OCoLC)21116504
=856  40$uhttp://hdl.handle.net/2333.1/gqnk9khx 
=880  1\$6100-01$aشبر، عبد الله بن محمد رضا، $d1774 or 1775-1826 or 1827.
=880  10$6245-02$aجلاء العيون /$cتأليف عبد الله شبر ؛ تصدى لتصحيحه والتعليق عليه علي بن محمد بن علي بن حسين بن عبد الله.
=880  \\$6260-03$aالنجف :$bالمطبعة الحيدرية،$c1954-1955.
=959  \\$aNNU$bWEB$cGENI$t0$mElectronic access$s01
=999  \\$iNjP_2757141$o(OCoLC)ocm21116504$sprinceton_aco003148:vol.1$sprinceton_aco003510:vol.3$sprinceton_aco003149:vol.2$e(ERROR-880)$sprinceton_aco003148:vol.1$sprinceton_aco003510:vol.3$sprinceton_aco003149:vol.2

