=LDR  02179nam a2200421Mi 4500
=001  969096
=003  NjP
=006  m\\\\\\\\d\\\\\\\\
=007  cr\cn\|||m|||a
=008  200430s1887\\\\ua\a\\\\o\\\\\000\0\ara\d
=040  \\$aZYU$bara$erda$cZYU
=050  14$aQA565$b.S227 1887
=100  1\$6880-01$aṢabrī, Ṣābir.
=240  10$6880-02$aBulūgh al-āmil fī al-munḥaniyāt al-kathīrat al-istiʻmāl
=245  10$6880-03$aKitāb Bulūgh al-āmil fī al-munḥaniyāt al-kathīrat al-istiʻmāl /$ctaʼlīf Ṣābir Afandī Ṣabrī.
=250  \\$6880-04$aal-Ṭabʻah 1.
=260  \\$6880-05$a[Cairo] :$bMaṭbaʻat Dīwān ʻUmūm al-Maʻārif,$c1299 [i.e. 1305 1887]
=300  \\$aonline resource (156 pages) :$billustrations
=336  \\$atext$2rdacontent
=337  \\$acomputer$2rdamedia
=338  \\$aonline resource$2rdacarrier
=500  \\$aPart of the Arabic Collections Online (ACO) project, contributed by Princeton University Libraries.
=533  \\$aElectronic reproduction.$bNew York, N.Y. :$cNew York University,$d2020.$5NNU
=650  \0$aCurves, Algebraic.
=650  \0$aGeometry, Algebraic.
=650  \7$aCurves, Algebraic.$2fast$0(OCoLC)fst00885451
=650  \7$aGeometry, Algebraic.$2fast$0(OCoLC)fst00940902
=710  2\$aPrinceton University.$bLibrary.
=730  0\$aArabic Collections Online.
=776  08$iPrint version:$aṢabrī, Ṣābir.$tKitāb Bulūgh al-āmil fī al-munḥaniyāt al-kathīrat al-istiʻmāl$w(NjP)969096$w(OCoLC)32477543
=856  40$uhttp://hdl.handle.net/2333.1/gf1vhtbw 
=880  1\$6100-01$aصبري، صابر.
=880  10$6240-02$aبلوغ الامل في المنحنيات الكثيرة الاستعمال
=880  10$6245-03$aكتاب بلوغ الامل في المنحنيات الكثيرة الاستعمال /$cتأليف صابر افندي صبري.
=880  \\$6250-04$aالطبعة 1. 
=880  \\$6260-05$a[القاهرة] :$bمطبعة ديوان عموم المعارف،$c1299 [i.e. 1305 1887]
=959  \\$aNNU$bWEB$cGENI$t0$mElectronic access$s01
=999  \\$iNjP_969096$o(OCoLC)ocm32477543$sprinceton_aco004149:$e(ERROR-880)$sprinceton_aco004149:

