=LDR  03262nam a2200433Mi 4500
=001  2756299
=003  NjP
=006  m\\\\\\\\d\\\\\\\\
=007  cr\cn\|||m|||a
=008  200430s1905\\\\ua\\\\\\o\\\\\000\0\ara\d
=040  \\$aZYU$bara$erda$cZYU
=050  \4$aPJ7631$b.A2 1905
=100  0\$6880-01$aAbū al-Faraj al-Iṣbahānī,$d897 or 898-967.
=240  10$6880-02$aAghānī
=245  10$6880-03$aKitāb al-aghānī /$cli-Abī al-Faraj al-Iṣbahānī.
=246  3\$6880-04$aAghānī
=260  \\$6880-05$aMiṣr :$bMaṭbaʻat al-taqaddum,$c[1905]
=300  \\$aonline resource (21 volumes in 5.)
=336  \\$atext$2rdacontent
=337  \\$acomputer$2rdamedia
=338  \\$aonline resource$2rdacarrier
=500  \\$aFour indices, each with separate title page bound with v. 21. Imprint of indices: [Cairo] Maṭbaʻat al-jumhūr, 1323 [1905].
=500  \\$aLacking p. 183-190 in v. 21.
=500  \\$aPart of the Arabic Collections Online (ACO) project, contributed by Princeton University Libraries.
=533  \\$aElectronic reproduction.$bNew York, N.Y. :$cNew York University,$d2020.$5NNU
=700  00$6880-06$aShinqīṭī, Aḥmad ibn al-Amīn,$d-1912 or 1913.
=710  2\$aPrinceton University.$bLibrary.
=730  0\$aArabic Collections Online.
=776  08$iOnline version:$aAbū al-Faraj al-Iṣbahānī, 897 or 898-967.$tKitāb al-aghānī$dCairo : Maṭbaʻat al-taqaddum, [1323, 1905]$w(OCoLC)931658102
=776  08$iPrint version:$aAbū al-Faraj al-Iṣbahānī, 897 or 898-967.$tKitāb al-aghānī$w(NjP)2756299$w(OCoLC)20122041
=856  40$uhttp://hdl.handle.net/2333.1/d51c5mm9 
=880  0\$6100-01$aأبو الفرج الاصبهاني،$d967-8 or 897.
=880  10$6240-02$aالأغاني
=880  10$6245-03$aكتاب الأغاني /$cلأبي الفرج الأصبهاني ؛ بتصحيح أحمد الشنقيطي.
=880  3\$6246-04$aاغاني 
=880  \\$6260-05$aمصر :$bمطبعة التقدم،$c[1905]
=880  00$6700-06$aشنقيطي، احمد بن الامين،$d-1912 or 1913.
=959  \\$aNNU$bWEB$cGENI$t0$mElectronic access$s01
=999  \\$iNjP_2756299$o(OCoLC)ocm20122041$sprinceton_aco004030:v.1$sprinceton_aco004031:v.2$sprinceton_aco004032:v.3$sprinceton_aco004033:v.4$sprinceton_aco004034:v.5$sprinceton_aco004035:v.6$sprinceton_aco004036:v.7$sprinceton_aco004037:v.8$sprinceton_aco004038:v.9$sprinceton_aco004039:v.10$sprinceton_aco004040:v.11$sprinceton_aco004041:v.12$sprinceton_aco004042:v.13$sprinceton_aco004043:v.14$sprinceton_aco004044:v.15$sprinceton_aco004045:v.16$sprinceton_aco004046:v.17$sprinceton_aco004047:v.18$sprinceton_aco004048:v.19$sprinceton_aco004049:v.20$sprinceton_aco004050:v.21$e(ERROR-880)$sprinceton_aco004030:v.1$sprinceton_aco004031:v.2$sprinceton_aco004032:v.3$sprinceton_aco004033:v.4$sprinceton_aco004034:v.5$sprinceton_aco004035:v.6$sprinceton_aco004036:v.7$sprinceton_aco004037:v.8$sprinceton_aco004038:v.9$sprinceton_aco004039:v.10$sprinceton_aco004040:v.11$sprinceton_aco004041:v.12$sprinceton_aco004042:v.13$sprinceton_aco004043:v.14$sprinceton_aco004044:v.15$sprinceton_aco004045:v.16$sprinceton_aco004046:v.17$sprinceton_aco004047:v.18$sprinceton_aco004048:v.19$sprinceton_aco004049:v.20$sprinceton_aco004050:v.21

