=LDR  01991nam a2200409Mi 4500
=001  831581
=003  NjP
=006  m\\\\\\\\d\\\\\\\\
=007  cr\cn\|||m|||a
=008  200430q19001989su\a\\\\ob\\\\000\0\arard
=040  \\$aZYU$bara$erda$cZYU
=050  \4$aBP134.D78$bB37 1900z
=100  1\$6880-01$aBārr, Muḥammad ʻAlī.
=245  13$6880-02$aal-Khamr bayna al-ṭibb wa-al-fiqh /$cMuḥammad ʻAlī al-Bār.
=260  \\$6880-03$aJiddah :$bDār al-Shurūq,$c[19--]
=300  \\$aonline resource (227 pages) :$billustrations
=336  \\$atext$2rdacontent
=337  \\$acomputer$2rdamedia
=338  \\$aonline resource$2rdacarrier
=500  \\$aPart of the Arabic Collections Online (ACO) project, contributed by Princeton University Libraries.
=504  \\$aIncludes bibliographical references (pages 225-227).
=533  \\$aElectronic reproduction.$bNew York, N.Y. :$cNew York University,$d2020.$5NNU
=650  \0$aDrunkenness (Islamic law)
=650  \0$aAlcohol$xPhysiological effect.
=650  \7$aAlcohol$xPhysiological effect.$2fast$0(OCoLC)fst00804281
=650  \7$aDrunkenness (Islamic law)$2fast$0(OCoLC)fst00899101
=653  0\$aAlcohols$amedicine;$aIslamic law
=710  2\$aPrinceton University.$bLibrary.
=730  0\$aArabic Collections Online.
=776  08$iOnline version:$aBārr, Muḥammad ʻAlī.$tKhamr bayna al-ṭibb wa-al-fiqh.$dJiddah : Dār al-Shurūq, [19--]$w(OCoLC)760886906
=776  08$iPrint version:$aBārr, Muḥammad ʻAlī.$tal-Khamr bayna al-ṭibb wa-al-fiqh$w(NjP)831581$w(DLC)   93958959 $w(OCoLC)21116488
=856  40$uhttp://hdl.handle.net/2333.1/np5hqnnr 
=880  1\$6100-01$aبار، محمد علي.
=880  12$6245-02$aالخمر بين الطب والفقه /$cمحمد علي البار.
=880  \\$6260-03$aجدة :$bدار الشروق،$c[19--]
=959  \\$aNNU$bWEB$cGENI$t0$mElectronic access$s01
=999  \\$iNjP_831581$o(OCoLC)ocm21116488$sprinceton_aco003520:$e(ERROR-880)$sprinceton_aco003520:

