=LDR  02619nam a2200421Mi 4500
=001  460629
=003  NjP
=006  m\\\\\\\\d\\\\\\\\
=007  cr\cn\|||m|||a
=008  200430s1986\\\\ir\a\\\\ob\\\\000\0\ara\d
=040  \\$aZYU$bara$erda$cZYU
=050  \4$aBP193.25$b.S54 1986
=100  1\$6880-01$aShahīd al-Awwal, Muḥammad ibn Makkī,$d1333 or 1334-1380.
=245  13$6880-02$aal-Durrah al-bāhirah min al-aṣdāf al-ṭāhirah /$ctaʼlīf Abū ʻAbd Allāh Muḥammad ibn al-Shaykh Jamāl al-Dīn Makkī ibn Muḥammad ibn Ḥāmid ibn Aḥmad al-ʻĀmilī al-Nabaṭī al-Jazzīnī al-mulaqqab bi-al-Shahīd al-Awwal ; [taḥqīq Dāwūd Ṣābirī].
=260  \\$6880-03$aMashhad :$bMuʼassasat Ṭabʻ wa-Nashr al-Āstānah al-Riḍwīyah al-Muqaddasah,$c1365 [1986 or 1987]
=300  \\$6880-04$aonline resource (48 pages) :$billustrations
=336  \\$atext$2rdacontent
=337  \\$acomputer$2rdamedia
=338  \\$aonline resource$2rdacarrier
=500  \\$a"19"--Title page verso.
=500  \\$aPart of the Arabic Collections Online (ACO) project, contributed by Princeton University Libraries.
=504  \\$aIncludes bibliographical references.
=533  \\$aElectronic reproduction.$bNew York, N.Y. :$cNew York University,$d2020.$5NNU
=650  \0$aHadith (Shiites)$vEarly works to 1800.
=650  \7$aHadith (Shiites)$2fast$0(OCoLC)fst00950138
=655  \7$aEarly works.$2fast$0(OCoLC)fst01411636
=700  1\$6880-05$aṢābirī, Dāwūd.
=710  2\$aPrinceton University.$bLibrary.
=730  0\$aArabic Collections Online.
=776  08$iPrint version:$aShahīd al-Awwal, Muḥammad ibn Makkī, 1333 or 1334-1380.$tal-Durrah al-bāhirah min al-aṣdāf al-ṭāhirah$w(NjP)460629$w(OCoLC)25725301
=856  40$uhttp://hdl.handle.net/2333.1/xd254j4m 
=880  1\$6100-01$aشهيد الاول، محمد بن مكي،$d1333 او 4-1380.
=880  12$6245-02$aالدرة الباهرة من الاصداف الطاهرة /$cتأليف ابو عبد الله محمد بن الشيخ جمال الدين مكي بن محمد بن حامد بن احمد العاملي النبطي الجزيني الملقب بالشهيد الاول ؛ [تحقيق داوود صابري].
=880  \\$6260-03$aمشهد :$bمؤسسة طبع ونشر الاستانة الرضوية المقدسة،$c1365 [1986 او 1987]
=880  \\$6300-04$a48 ص. :$bايص. ؛$c24 سم.
=880  1\$6700-05$aصابري، داوود.
=959  \\$aNNU$bWEB$cGENI$t0$mElectronic access$s01
=999  \\$iNjP_460629$o(OCoLC)ocm25725301$sprinceton_aco003160$sprinceton_aco003160

