=LDR  01908nam a2200373Mi 4500
=001  2727253
=003  NjP
=006  m\\\\\\\\d\\\\\\\\
=007  cr\cn\|||m|||a
=008  200430q19001978ua\c\\\\o\\\\\000\0barard
=040  \\$aZYU$bara$erda$cZYU
=050  \4$aPJ7838.I1425$bZ5m
=100  1\$6880-01$aMaḥfūẓ, Aḥmad.
=245  10$6880-02$aḤayāt Ḥāfiz Ibrāhīm al-shāʻir al-thā'ir /$cAḥmad Maḥfūẓ ; taqdīm ʻAzīz Abāẓah.
=260  \\$6880-03$aal-Qāhirah :$bMu'assasat Naṣṣār,$c[19--]
=300  \\$aonline resource (245 pages) :$bportrait
=336  \\$atext$2rdacontent
=337  \\$acomputer$2rdamedia
=338  \\$aonline resource$2rdacarrier
=500  \\$aPart of the Arabic Collections Online (ACO) project, contributed by Princeton University Libraries.
=533  \\$aElectronic reproduction.$bNew York, N.Y. :$cNew York University,$d2020.$5NNU
=600  10$aIbrāhīm, Ḥāfiẓ,$d1871-1932.
=700  1\$6880-04$aAbāẓah, ʻAzīz.
=710  2\$aPrinceton University.$bLibrary.
=730  0\$aArabic Collections Online.
=776  08$iOnline version:$aMaḥfūẓ, Aḥmad.$tḤayāt Ḥāfiz Ibrāhīm al-shāʻir al-thā'ir.$dCairo : Mu'assasat Naṣṣār, [19--]$w(OCoLC)656775909
=776  08$iPrint version:$aMaḥfūẓ, Aḥmad.$tḤayāt Ḥāfiz Ibrāhīm al-shāʻir al-thā'ir$w(NjP)2727253$w(OCoLC)4350220
=856  40$uhttp://hdl.handle.net/2333.1/fn2z3fjw 
=880  1\$6100-01$aمحفوظ، احمد.
=880  10$6245-02$aحياة حافظ ابراهيم الشاعر الثائر /$cاحمد محفوظ ؛ تقديم عزيز اباظة.
=880  \\$6260-03$aالقاهرة :$bمؤسسة نصار،$c[19--]
=880  1\$6700-04$aاباظة، عزيز.
=959  \\$aNNU$bWEB$cGENI$t0$mElectronic access$s01
=999  \\$iNjP_2727253$o(OCoLC)ocm04350220$sprinceton_aco004255:$e(ERROR-880)$sprinceton_aco004255:

