=LDR  01684nam a2200385Mi 4500
=001  3340732
=003  NjP
=006  m\\\\\\\\d\\\\\\\\
=007  cr\cn\|||m|||a
=008  200430s1953\\\\jo\a\\\\o\\\\\000\0\ara\d
=040  \\$aZYU$bara$erda$cZYU
=043  \\$aa-jo---
=050  14$aDS110.J4$bJ35 1953
=245  00$6880-01$aJamʻīyat al-mashrūʻ al-inshāʼī al-ʻArabī :$bArīḥā.
=250  \\$6880-02$aal-Ṭabʻah 2.
=260  \\$6880-03$aal-Quds :$bal-Maṭbaʻah al-Tijājrīyah,$c1953.
=300  \\$aonline resource (69 pages) :$billustrations
=336  \\$atext$2rdacontent
=337  \\$acomputer$2rdamedia
=338  \\$aonline resource$2rdacarrier
=500  \\$aPart of the Arabic Collections Online (ACO) project, contributed by Princeton University Libraries.
=533  \\$aElectronic reproduction.$bNew York, N.Y. :$cNew York University,$d2020.$5NNU
=651  \0$aJericho$xHistory.
=651  \0$aJericho$xDevelopment.
=651  \7$aWest Bank$zJericho.$2fast$0(OCoLC)fst01219550
=655  \7$aHistory.$2fast$0(OCoLC)fst01411628
=710  2\$aPrinceton University.$bLibrary.
=730  0\$aArabic Collections Online.
=776  08$iPrint version:$tJamʻīyat al-mashrūʻ al-inshāʼī al-ʻArabī$w(NjP)3340732$w(OCoLC)60354873
=856  40$uhttp://hdl.handle.net/2333.1/dbrv1g4v 
=880  00$6245-01$aجمعية المشروع الانشائي العربي :$bاريحا.
=880  \\$6250-02$aالطبعة 2.
=880  \\$6260-03$aالقدس :$bالمطبعة التجارية،$c1953.
=959  \\$aNNU$bWEB$cGENI$t0$mElectronic access$s01
=999  \\$iNjP_3340732$o(OCoLC)ocm60354873$sprinceton_aco003733:$e(ERROR-880)$sprinceton_aco003733:

