=LDR  02152nam a2200421Mi 4500
=001  1070236
=003  NjP
=006  m\\\\\\\\d\\\\\\\\
=007  cr\cn\|||m|||a
=008  200430s1982\\\\ir\\\\\\ob\\\\000\0\ara\d
=040  \\$aZYU$bara$erda$cZYU
=050  14$aBP166.8$b.M833 1982
=100  1\$6880-01$aMuḥammadī Gīlānī, Muḥammad.
=245  13$6880-02$aal-Maʻād fī al-Kitāb wa-al-sunnah /$ctaʼlīf Muḥammad al-Muḥammadī al-Jīlālnī ; taqdīm Ḥusayn Anṣāriyān.
=260  \\$6880-03$a[Tehran :$bpublisher not identified,$c1982]$e([Iran] :$fMaṭbaʻat al-Marawī)
=300  \\$aonline resource (334 pages)
=336  \\$atext$2rdacontent
=337  \\$acomputer$2rdamedia
=338  \\$aonline resource$2rdacarrier
=500  \\$aPreface dated: 2/2/[13]61.
=500  \\$aPart of the Arabic Collections Online (ACO) project, contributed by Princeton University Libraries.
=504  \\$aIncludes bibliographical references.
=533  \\$aElectronic reproduction.$bNew York, N.Y. :$cNew York University,$d2020.$5NNU
=650  \0$aFuture life$xIslam.
=650  \0$aFuture life$xIslam$xQurʼanic teaching.
=650  \0$aIslam$xDoctrines.
=650  \7$aFuture life$xIslam.$2fast$0(OCoLC)fst00936737
=650  \7$aFuture life$xIslam$xQurʼanic teaching.$2fast$0(OCoLC)fst01860580
=650  \7$aIslam$xDoctrines.$2fast$0(OCoLC)fst00979787
=710  2\$aPrinceton University.$bLibrary.
=730  0\$aArabic Collections Online.
=776  08$iPrint version:$aMuḥammadī Gīlānī, Muḥammad.$tal-Maʻād fī al-Kitāb wa-al-sunnah$w(NjP)1070236$w(OCoLC)35143456
=856  40$uhttp://hdl.handle.net/2333.1/g1jwt4dn 
=880  1\$6100-01$aمحمدي گيلاني، محمد.
=880  12$6245-02$aالمعاد في الكتاب والسنة /$cتأليف محمد المحمدي الجيلالني ؛ تقديم حسين انصاريان.
=880  \\$6260-03$a[Tehran :$bpublisher not identified,$c1982]$e([ابران] :$fمطبعة المروي)
=959  \\$aNNU$bWEB$cGENI$t0$mElectronic access$s01
=999  \\$iNjP_1070236$o(OCoLC)ocm35143456$sprinceton_aco002907$e(ERROR-880)$sprinceton_aco002907

