=LDR  02252nam a2200433Mi 4500
=001  2758112
=003  NjP
=006  m\\\\\\\\d\\\\\\\\
=007  cr\cn\|||m|||a
=008  200430s1970\\\\iq\\\\\\ob\\\\000\0\ara\\
=040  \\$aZYU$bara$erda$cZYU
=041  1\$aara$beng
=043  \\$aa-iq---
=050  \4$aHN761.I72$bR3
=100  1\$6880-01$aRaḥmat Allāh, Malīḥah.
=245  13$6880-02$aal-Ḥālah al-ijtimāʻīyah fī al-ʻIrāq fī al-qarnayn al-thālith wa-al-rābiʻ baʻd al-hijrah,$ctaʼlīf Malīḥah Raḥmat Allāh.
=260  \\$6880-03$aBaghdād :$bMaṭbaʻat al-Zahrāʼ,$c1970.
=300  \\$aonline resource (172 pages)
=336  \\$atext$2rdacontent
=337  \\$acomputer$2rdamedia
=338  \\$aonline resource$2rdacarrier
=500  \\$aAdded t.p.: Social conditions in Iraq during the third and fourth Hijri centuries [by] Maleeha Rahmatullah.
=500  \\$aOriginally presented as the author's thesis, University of Cairo, 1968.
=500  \\$aSummary in English.
=500  \\$aPart of the Arabic Collections Online (ACO) project, contributed by Princeton University Libraries.
=504  \\$aIncludes bibliographical references (pages 133-154).
=533  \\$aElectronic reproduction.$bNew York, N.Y. :$cNew York University,$d2020.$5NNU
=651  \0$aIraq$xSocial conditions.
=650  \7$aSocial conditions$2fast$0(OCoLC)fst01919811
=651  \7$aIraq.$2fast$0(OCoLC)fst01205757
=710  2\$aPrinceton University.$bLibrary.
=730  0\$aArabic Collections Online.
=776  08$iPrint version:$aRaḥmat Allāh, Malīḥah.$tal-Ḥālah al-ijtimāʻīyah fī al-ʻIrāq fī al-qarnayn al-thālith wa-al-rābiʻ baʻd al-hijrah$w(NjP)2758112$w(DLC)  72223554 $w(OCoLC)21633722
=856  40$uhttp://hdl.handle.net/2333.1/5x69pk13 
=880  1\$6100-01$aرحمة الله، مليحة.
=880  12$6245-02$aالحالة الإجتماعية في العراق في القرنين الثالث والرابع بعد الهجرة /$cتأليف مليحة رحمة الله.
=880  \\$6260-03$aبغداد :$bمطبعة الزهراء،$c1970.
=959  \\$aNNU$bWEB$cGENI$t0$mElectronic access$s01
=999  \\$iNjP_2758112$o(OCoLC)ocm21633722$sprinceton_aco002004$sprinceton_aco002004

