=LDR  01866nam a2200421Mi 4500
=001  2834348
=003  NjP
=006  m\\\\\\\\d\\\\\\\\
=007  cr\cn\|||m|||a
=008  200430s1968\\\\iq\\\\\\ob\\\\000\0\ara\d
=040  \\$aZYU$bara$erda$cZYU
=043  \\$ae------
=050  \4$aD359$b.S241
=100  1\$6880-01$aṢāliḥ, Muḥammad Muḥammad.
=245  10$6880-02$aTārīkh Ūrubbah al-ḥadīth,$b1870-1914.
=260  \\$6880-03$aBagdad :$bMaṭbaʻat Shafīq,$c1968.
=300  \\$aonline resource (202 pages)
=336  \\$atext$2rdacontent
=337  \\$acomputer$2rdamedia
=338  \\$aonline resource$2rdacarrier
=500  \\$aPart of the Arabic Collections Online (ACO) project, contributed by Princeton University Libraries.
=533  \\$aElectronic reproduction.$bNew York, N.Y. :$cNew York University,$d2020.$5NNU
=546  \\$aIn Arabic.
=504  \\$aIncludes bibliographical references (pages 201-202).
=651  \0$aEurope$xHistory$y1871-1918.
=651  \7$aEurope.$2fast$0(OCoLC)fst01245064
=648  \7$a1871-1918$2fast
=655  \7$aHistory.$2fast$0(OCoLC)fst01411628
=710  2\$aPrinceton University.$bLibrary.
=730  0\$aArabic Collections Online.
=776  08$iOnline version:$aṢāliḥ, Muḥammad Muḥammad.$tTārīkh Ūrubbah al-ḥadīth.$dBagdad, Maṭbaʻat Shafīq, 1968$w(OCoLC)692346121
=776  08$iPrint version:$aṢāliḥ, Muḥammad Muḥammad.$tTārīkh Ūrubbah al-ḥadīth$w(NjP)2834348$w(OCoLC)42899374
=856  40$uhttp://hdl.handle.net/2333.1/pg4f51f2 
=880  1\$6100-01$aصالح، محمد محمد.
=880  10$6245-02$aتاريخ اوربا الحديث.
=880  \\$6260-03$aبغداد :$bمطبعة شفيق،$c١٩٦٨.
=959  \\$aNNU$bWEB$cGENI$t0$mElectronic access$s01
=999  \\$iNjP_2834348$o(OCoLC)ocm42899374$sprinceton_aco002427$sprinceton_aco002427

