=LDR  01701nam a2200361Mi 4500
=001  2753543
=003  NjP
=006  m\\\\\\\\d\\\\\\\\
=007  cr\cn\|||m|||a
=008  200430s1951\\\\ua\\\\\\o\\\\\000\0\ara\\
=040  \\$aZYU$bara$erda$cZYU
=050  00$aHX444$b.I75
=100  1\$6880-01$aIskandarī, ʻUmar.
=245  13$6880-02$aal-Shuyūʻīyah ʻalá ḥaqīqatihā /$ctaʼlīf ʻUmar al-Iskandarī.
=260  \\$6880-03$aal-Qāhirah :$bMaṭbaʻat Lajnat al-Taʼlīf wa-al-Tarjamah wa-al-Nashr,$c1951.
=300  \\$aonline resource (222 pages)
=336  \\$atext$2rdacontent
=337  \\$acomputer$2rdamedia
=338  \\$aonline resource$2rdacarrier
=500  \\$aIn Arabic; Romanized record.
=500  \\$aPart of the Arabic Collections Online (ACO) project, contributed by Princeton University Libraries.
=533  \\$aElectronic reproduction.$bNew York, N.Y. :$cNew York University,$d2020.$5NNU
=650  \0$aCommunism.
=650  \7$aCommunism.$2fast$0(OCoLC)fst00870421
=710  2\$aPrinceton University.$bLibrary.
=730  0\$aArabic Collections Online.
=776  08$iPrint version:$aIskandarī, ʻUmar.$tal-Shuyūʻīyah ʻalá ḥaqīqatihā$w(NjP)2753543$w(DLC)   70232378 $w(OCoLC)18007323
=856  40$uhttp://hdl.handle.net/2333.1/cc2fr7wn 
=880  1\$6100-01$aاسكندري، عمر.
=880  12$6245-02$aالشيوعية على حقيقتيها /$cتأليف، عمر الاسكندري بك.
=880  \\$6260-03$aالقاهرة :$bمطبعة لجنة التأليف والترجمة والنشر،$c1951.
=959  \\$aNNU$bWEB$cGENI$t0$mElectronic access$s01
=999  \\$iNjP_2753543$o(OCoLC)ocm18007323$sprinceton_aco002011$sprinceton_aco002011

