=LDR  02388nam a2200457Mi 4500
=001  2823942
=003  NjP
=006  m\\\\\\\\d\\\\\\\\
=007  cr\cn\|||m|||a
=008  200430s198u\\\\ir\\\\\\ob\\\\000\0\araod
=040  \\$aZYU$bara$erda$cZYU
=050  \4$aBP166.8$b.S47 1980z
=082  04$a297.23
=100  1\$6880-01$aShubbar, ʻAbd Allāh ibn Muḥammad Riḍā,$d1774 or 1775-1826 or 1827.
=245  10$6880-02$aTasliyat al-fuʼād fī bayān al-mawt wa-al-maʻād /$ctaʼlīf ʻAbd Allāh Shubbar ; taḥqīq al-Sayyid Aḥmad al-Ḥusaynī, Riḍā Ustādī.
=260  \\$6880-03$aQum :$bMaktabat Baṣīratī,$c[198-?]
=300  \\$aonline resource (272 pages)
=336  \\$atext$2rdacontent
=337  \\$acomputer$2rdamedia
=338  \\$aonline resource$2rdacarrier
=500  \\$aReprint. Originally published: 1973 or 1974.
=500  \\$aPart of the Arabic Collections Online (ACO) project, contributed by Princeton University Libraries.
=504  \\$aIncludes bibliographical references (pages 270-272).
=533  \\$aElectronic reproduction.$bNew York, N.Y. :$cNew York University,$d2020.$5NNU
=650  \0$aIslamic eschatology.
=650  \0$aShīʻah$xDoctrines.
=650  \7$aIslamic eschatology.$2fast$0(OCoLC)fst01730321
=650  \7$aShīʻah$xDoctrines.$2fast$0(OCoLC)fst01117948
=700  1\$6880-04$aḤusaynī, al-Sayyid Aḥmad.
=700  1\$6880-05$aUstādī, Riḍā.
=710  2\$aPrinceton University.$bLibrary.
=730  0\$aArabic Collections Online.
=776  08$iPrint version:$aShubbar, ʻAbd Allāh ibn Muḥammad Riḍā, 1774 or 1775-1826 or 1827.$tTasliyat al-fuʼād fī bayān al-mawt wa-al-maʻād$w(NjP)2823942$w(OCoLC)17380509
=856  40$uhttp://hdl.handle.net/2333.1/37pvmpfg 
=880  1\$6100-01$aشبر، عبد الله بن محمد رضا،$d1774 or 1775-1826 or 1827.
=880  10$6245-02$aتسلية الفؤاد في بيان الموت والمعاد /$cتأليف عبد الله شبر ؛ تحقيق السيد احمد الحسيني، رضا استادي.  
=880  \\$6260-03$aقم :$bمكتبة بصيرتي،$c[198-?]
=880  1\$6700-04$aحسيني، السيد احمد.
=880  1\$6700-05$aاستادي، رضا.
=959  \\$aNNU$bWEB$cGENI$t0$mElectronic access$s01
=999  \\$iNjP_2823942$o(OCoLC)ocm17380509$sprinceton_aco003063$e(ERROR-880)$sprinceton_aco003063

