=LDR  02280nam a2200397Mi 4500
=001  450500
=003  NjP
=006  m\\\\\\\\d\\\\\\\\
=007  cr\cn\|||m|||a
=008  200430s1950\\\\le\\\\\\o\\\\\000\0\ara\d
=040  \\$aZYU$bara$erda$cZYU
=050  \4$aPJ6074$b.M35 1950
=100  1\$6880-01$aMarmarjī, A. S.,$d1887-
=245  10$6880-02$aMuʻjamiyāt ʻarabīyah :$bsāmīyah /$cal-Āb A.S. Marmarjī al-Dūmankī.
=260  \\$6880-03$aJūnīyah, Lubnān :$bMaṭbaʻat al-Murasalīn al-Lubnānīyīn,$c[1950]
=300  \\$aonline resource (247 pages)
=336  \\$atext$2rdacontent
=337  \\$acomputer$2rdamedia
=338  \\$aonline resource$2rdacarrier
=500  \\$aPart of the Arabic Collections Online (ACO) project, contributed by Princeton University Libraries.
=505  0\$a"Taḥwī awwalan taḥqīqāt muʻjamīyah ʻāmmah, thāniyan, naẓarāt fī taʼṣīlāt, aw-naqd risālat "al-Alfāẓ al-Siryānīyah fī al-maʻājim al-ʻArabīyah" li-wāḍiʻihā al-Baṭrīk Afrām Barṣūm, wa-hiya mabḥūthah ʻalá ḍawʼ al-thunāʼīyah wa-al-alsinīyah al-Sāmīyah."
=533  \\$aElectronic reproduction.$bNew York, N.Y. :$cNew York University,$d2020.$5NNU
=650  \0$aArabic language$xLexicography.
=650  \0$aSemitic philology.
=650  \7$aArabic language$xLexicography.$2fast$0(OCoLC)fst00812371
=650  \7$aSemitic philology.$2fast$0(OCoLC)fst01112420
=710  2\$aPrinceton University.$bLibrary.
=730  0\$aArabic Collections Online.
=776  08$iOnline version:$aMarmarjī, A.S., b. 1887.$tMuʻjamiyāt ʻarabīyah.$dJūnīyah, Lubnān : Maṭbaʻat al-Murasalīn al-Lubnānīyīn, [1950]$w(OCoLC)583522415
=776  08$iPrint version:$aMarmarjī, A. S., 1887-$tMuʻjamiyāt ʻarabīyah$w(NjP)450500$w(OCoLC)67308634
=856  40$uhttp://hdl.handle.net/2333.1/fj6q5htt 
=880  1\$6100-01$aمرمرجي، أ. س.
=880  10$6245-02$aمعجميات عربية - سامية /$cا. س. مرمرجي.
=880  \\$6260-03$aجونية، لبنان :$bمطبعة المرسلين اللبنانيين،$c١٩٥٠.
=959  \\$aNNU$bWEB$cGENI$t0$mElectronic access$s01
=999  \\$iNjP_450500$o(OCoLC)ocm67308634$sprinceton_aco002882$sprinceton_aco002882

