=LDR  02899nam a2200445Mi 4500
=001  390510
=003  NjP
=006  m\\\\\\\\d\\\\\\\\
=007  cr\cn\|||m|||a
=008  200430s1985\\\\ir\\\\\\ob\\\\000\0\arar\
=040  \\$aZYU$bara$erda$cZYU
=050  00$aBP194$b.J39 1985
=100  1\$6880-01$aJazāʼirī, Niʻmat Allāh ibn ʻAbd Allāh,$d1640 or 1641-1701.
=245  13$6880-02$aal-Anwār al-nuʻmānīyah /$ctaʼlīf Niʻmat Allāh al-Mūsawī al-Jazāʼirī ; bi-nafaqah [wa-taṣḥīḥ] Muḥammad Bāqir Kitābchī Ḥaqīqat, Hādī Banī Hāshim.
=260  \\$6880-03$aTabrīz, Irān :$bMaṭbaʻat-i Shirkat-i Chāp,$c[1985?]
=300  \\$aonline resource (4 volumes in 2)
=336  \\$atext$2rdacontent
=337  \\$acomputer$2rdamedia
=338  \\$aonline resource$2rdacarrier
=500  \\$aPart of the Arabic Collections Online (ACO) project, contributed by Princeton University Libraries.
=504  \\$aIncludes bibliographical references.
=520  \\$aA scholarly work on the Shiite interpretation of Islam; includes a study of early Islamic history and various Muslim sects.
=533  \\$aElectronic reproduction.$bNew York, N.Y. :$cNew York University,$d2020.$5NNU
=650  \0$aShīʻah$xDoctrines$vEarly works to 1800.
=650  \7$aShīʻah$xDoctrines.$2fast$0(OCoLC)fst01117948
=655  \7$aEarly works.$2fast$0(OCoLC)fst01411636
=700  1\$6880-04$aKitābchī Ḥaqīqat, Muḥammad Bāqir. 
=700  1\$6880-05$aBanī Hāshim, Hādī.
=710  2\$aPrinceton University.$bLibrary.
=730  0\$aArabic Collections Online.
=776  08$iOnline version:$aJazāʼirī, Niʻmat Allāh ibn ʻAbd Allāh, 1640 or 41-1701.$tAnwār al-nuʻmānīyah.$dTabrīz, Irān : Maṭbaʻat-i Shirkat-i Chāp, [1985?]$w(OCoLC)605722257
=776  08$iPrint version:$aJazāʼirī, Niʻmat Allāh ibn ʻAbd Allāh, 1640 or 1641-1701.$tal-Anwār al-nuʻmānīyah$w(NjP)390510$w(DLC)   86930877 $w(OCoLC)19122142
=856  40$uhttp://hdl.handle.net/2333.1/zs7h4f9w 
=880  1\$6100-01$aجزائري، نعمة الله بن عبد الله،$d1640 or 1641-1701.
=880  12$6245-02$aالانوار النعمانية /$cتأليف نعمة الله الموسوي الجزائري ؛ بنفقة [وتصحيح] محمد باقر كتابچي حقيقة، هادي بني هاشم.
=880  \\$6260-03$aتبرىز، ايران :$bمطبعت شرکت چاپ،$c[1985؟]
=880  1\$6700-04$aکتابچى حقىقت، محمد باقر.
=880  1\$6700-05$aبني هاشم، هادي.
=959  \\$aNNU$bWEB$cGENI$t0$mElectronic access$s01
=999  \\$iNjP_390510$o(OCoLC)ocm19122142$sprinceton_aco004376:juz 1$sprinceton_aco004377:juz 2$sprinceton_aco004379:juz 3$sprinceton_aco004380:juz 4$e(ERROR-880)$sprinceton_aco004376:juz 1$sprinceton_aco004377:juz 2$sprinceton_aco004379:juz 3$sprinceton_aco004380:juz 4

