=LDR  02207nam a2200385Mi 4500
=001  1572996
=003  NjP
=006  m\\\\\\\\d\\\\\\\\
=007  cr\cn\|||m|||a
=008  200430s1953\\\\ua\a\\\\o\\\\\000\0bara\d
=040  \\$aZYU$bara$erda$cZYU
=041  1\$aara$htur
=050  \4$aDR501$b.B455mA
=100  1\$6880-01$aBerki, Ali Himmet,$d1882-1976.
=245  14$6880-02$aal-ʼAhil al-ʼuthmani Abu al-Fath al-Sultan Muhammad al-thani fatih al-Qustantiniyah wa hayat al-ʼadliyah. /$c[Tr.] Muhammad Ihsan ibn ʼAbd al-ʼAziz.
=260  \\$6880-03$aMiṣr :$bMuḥammad Sāmī Amīn al-Khānjī al-Kutubī,$c1372 [H.] = 1953 [M.]
=300  \\$aonline resource (236 pages) :$billustrations
=336  \\$atext$2rdacontent
=337  \\$acomputer$2rdamedia
=338  \\$aonline resource$2rdacarrier
=500  \\$aPart of the Arabic Collections Online (ACO) project, contributed by Princeton University Libraries.
=533  \\$aElectronic reproduction.$bNew York, N.Y. :$cNew York University,$d2020.$5NNU
=600  00$aMehmed$bII,$cSultan of the Turks,$d1432-1481.
=600  07$aMehmed$bII,$cSultan of the Turks,$d1432-1481$2fast$0(OCoLC)fst00057826
=700  1\$6880-04$aʼAbd al-ʼAziz,  Muhammad Ihsan.
=710  2\$aPrinceton University.$bLibrary.
=730  0\$aArabic Collections Online.
=776  08$iPrint version:$aBerki, Ali Himmet, 1882-1976.$tal-ʼAhil al-ʼuthmani Abu al-Fath al-Sultan Muhammad al-thani fatih al-Qustantiniyah wa hayat al-ʼadliyah$w(NjP)1572996$w(OCoLC)13152268
=856  40$uhttp://hdl.handle.net/2333.1/2rbp02tk 
=880  1\$6100-01$aبركي, علي همت.
=880  12$6245-02$aالعاهل العثماني أبو الفتح السلطان محمد الثاني فاتح القسطنطينية وحياته العدلية /$cتأليف علي همت بركي ؛ تعريب محمد إحسان بن عبد العزيز.
=880  \\$6260-03$aمصر :$bمحمد سامي أمين الخانجي الكتبي،$c1372 [هـ.] = 1953 [م.]
=880  1\$6700-04$aعبد العزيز، محمد إحسان.
=959  \\$aNNU$bWEB$cGENI$t0$mElectronic access$s01
=999  \\$iNjP_1572996$o(OCoLC)ocm13152268$sprinceton_aco003921:$e(ERROR-880)$sprinceton_aco003921:

