=LDR  02104nam a2200457Mi 4500
=001  1195385
=003  NjP
=006  m\\\\\\\\d\\\\\\\\
=007  cr\cn\|||m|||a
=008  200430s1990\\\\ir\c\\\\ob\\\\000\0\ara\d
=040  \\$aZYU$bara$erda$cZYU
=050  14$aBP132.5$b.M384 1990
=100  1\$6880-01$aMawlāʼī, Aḥmad.
=245  13$6880-02$aal-Arbaʻīnīyāt /$callafahu Aḥmad al-Mawlāʼī al-shahīr bi-al-Mawlāwī al-Muhājirānī al-Hamadānī.
=250  \\$6880-03$aal-Ṭabʻah 1.
=260  \\$6880-04$a[Iran] :$bH. Mawlāʼī,$c1369 [1990]
=300  \\$aonline resource (168 pages)
=336  \\$atext$2rdacontent
=337  \\$acomputer$2rdamedia
=338  \\$aonline resource$2rdacarrier
=500  \\$aPart of the Arabic Collections Online (ACO) project, contributed by Princeton University Libraries.
=504  \\$aIncludes bibliographical references.
=533  \\$aElectronic reproduction.$bNew York, N.Y. :$cNew York University,$d2020.$5NNU
=650  \0$aNumbers in the Qurʼan.
=650  \0$aNumbers in the Hadith.
=650  \0$aForty (The number)
=650  \0$aSymbolism of numbers.
=650  \7$aForty (The number)$2fast$0(OCoLC)fst00933101
=650  \7$aNumbers in the Hadith.$2fast$0(OCoLC)fst01041228
=650  \7$aNumbers in the Qurʼan.$2fast$0(OCoLC)fst01860992
=650  \7$aSymbolism of numbers.$2fast$0(OCoLC)fst01140798
=710  2\$aPrinceton University.$bLibrary.
=730  0\$aArabic Collections Online.
=776  08$iPrint version:$aMawlāʼī, Aḥmad.$tal-Arbaʻīnīyāt$w(NjP)1195385$w(OCoLC)39834561
=856  40$uhttp://hdl.handle.net/2333.1/x3ffbs0r 
=880  1\$6100-01$aمولائي، احمد.
=880  12$6245-02$aالاربعينيات /$cالفه احمد المولائي الشهير بالمولاوي المهاجراني الهمداني.
=880  \\$6250-03$aالطبعة 1.
=880  \\$6260-04$a[ايران] :$bه. مولائي،$c1369 [1990]
=959  \\$aNNU$bWEB$cGENI$t0$mElectronic access$s01
=999  \\$iNjP_1195385$o(OCoLC)ocm39834561$sprinceton_aco003902:$e(ERROR-880)$sprinceton_aco003902:

