=LDR  03664nam a2200577Mi 4500
=001  613344
=003  NjP
=006  m\\\\\\\\d\\\\\\\\
=007  cr\cn\|||m|||a
=008  200430s1987\\\\ir\h\\\\obi\\\001\0\perr\
=040  \\$aZYU$bara$erda$cZYU
=041  0\$aara$aper
=050  00$aBP133$b.R84 1987
=100  1\$6880-01$aRūḥānī, Maḥmūd,$d1936 or 1937-
=245  13$6880-02$aal-Muʻjam al-iḥṣāʼī li-alfāẓ al-Qurʼān al-Karīm =$bFarhang-i āmārī-i kalimāt-i Qurʼān-i Karīm /$ctaʼlīf va taḥqīq-i Maḥmūd Rūḥānī.
=246  3\$6880-03$aFarhang-i āmārī-i kalimāt-i Qurʼān-i Karīm
=250  \\$6880-04$aChap̄-i 1.
=260  \\$6880-05$aMashhad :$bMuʼassasah-ʼi Chāp va Intishārāt-i Āstān-i Quds-i Raz̤avī,$c1987-1990.
=300  \\$aonline resource (3 volumes) :$bfacsimiles
=336  \\$atext$2rdacontent
=337  \\$acomputer$2rdamedia
=338  \\$aonline resource$2rdacarrier
=490  1\$6880-06$aMuʼassasah-i Chāp va Intishārāt-i Āstān-i Quds-i Raz̤avī ;$v21
=500  \\$aPersian and Arabic; preface in English.
=500  \\$aTitle on added t.p.: A statistical dictionary of Quranic words.
=500  \\$a"Muʼassasah-ʼi Chāp va Intishārāt-i Āstān-i Quds-i Raz̤avī, 41"--Title page verso.
=500  \\$aPart of the Arabic Collections Online (ACO) project, contributed by Princeton University Libraries.
=504  \\$aIncludes bibliographical references (v. 1., pages 691-702) and indexes.
=505  0\$6880-07$aal-mujallad 1. al-Madkhal -- al-mujallad 2. Min al-hamzah ilá al-sīn -- al-mujallad 3. Min al-shīn ilá al-yāʼ.
=533  \\$aElectronic reproduction.$bNew York, N.Y. :$cNew York University,$d2020.$5NNU
=630  00$aQurʼan$vConcordances.
=650  \0$aArabic language$xWord frequency.
=630  07$aQurʼan.$2fast$0(OCoLC)fst01842877
=650  \7$aArabic language$xWord frequency.$2fast$0(OCoLC)fst00812467
=655  \7$aConcordances.$2fast$0(OCoLC)fst01423768
=710  2\$aPrinceton University.$bLibrary.
=730  0\$aArabic Collections Online.
=740  0\$aStatistical dictionary of Quranic words.
=776  08$iPrint version:$aRūḥānī, Maḥmūd, 1936 or 1937-$tal-Muʻjam al-iḥṣāʼī li-alfāẓ al-Qurʼān al-Karīm =$w(NjP)613344$w(DLC)   90933127 $w(OCoLC)22642420
=830  \0$6880-08$aMuʼassasah-i Chāp va Intishārāt-i Āstān-i Quds-i Raz̤avī ;$v21.
=856  40$uhttp://hdl.handle.net/2333.1/6djhb5pb 
=880  1\$6100-01$aروحاني، محمود،$d1936 or 1937-
=880  12$6245-02$aالمعجم الاحصائي لألفاظ القران الكريم =$bفرهنك ٱمارى كلمات قرٱن كريم /$cتأليف وتحقيق محمود روحانى.
=880  3\$6246-03$aفرهنك ٱمارى كلمات قرٱن كريم
=880  \\$6250-04$aچاپ ١.
=880  \\$6260-05$aمشهد :$bمؤسسة چاپ وانتشارات استان قدس رضوى،$c1987-1990.
=880  1\$6490-06$aمؤسسه چاپ و انتشارات آستان قدس رضوى ؛$v21
=880  0\$6505-07$aالمجلد ١. المدخل -- المجلد ٢. من الهمزة ٳلى السين -- المجلد ٣. من الشين الى الياء.
=880  \0$6830-08$aمؤسسه چاپ و انتشارات آستان قدس رضوى ؛$v21.
=959  \\$aNNU$bWEB$cGENI$t0$mElectronic access$s01
=999  \\$iNjP_613344$o(OCoLC)ocm22642420$sprinceton_aco002905:mujallad 1$sprinceton_aco004005:mujallad 2$sprinceton_aco002913:mujallad 3$e(ERROR-880)$sprinceton_aco002905:mujallad 1$sprinceton_aco004005:mujallad 2$sprinceton_aco002913:mujallad 3

