=LDR  02182nam a2200385Mi 4500
=001  404254
=003  NjP
=006  m\\\\\\\\d\\\\\\\\
=007  cr\cn\|||m|||a
=008  200430s1982\\\\ir\\\\\\ob\\\\000\0\arar\
=040  \\$aZYU$bara$erda$cZYU
=050  04$aBP193.16.A3$bZ39 1982
=100  1\$6880-01$aZayn al-Dīn, Muḥammad Amīn.
=245  13$6880-02$aal-Akhlāq ʻinda al-Imām al-Ṣādiq /$cMuḥammad Amīn Zayn al-Dīn.
=260  \\$6880-03$a[Tehran?] :$bMunaẓẓamat al-Iʻlām al-Islāmī, Qism al-ʻAlāqāt al-Dawlīyah,$c1403 [i.e. 1982]
=300  \\$aonline resource (130 pages)
=336  \\$atext$2rdacontent
=337  \\$acomputer$2rdamedia
=338  \\$aonline resource$2rdacarrier
=500  \\$aPart of the Arabic Collections Online (ACO) project, contributed by Princeton University Libraries.
=504  \\$aIncludes bibliographical references (page 130).
=533  \\$aElectronic reproduction.$bNew York, N.Y. :$cNew York University,$d2020.$5NNU
=600  00$aJaʻfar al-Ṣādiq,$d702?-765 or 766$xEthics.
=600  07$aJaʻfar al-Ṣādiq,$d702?-765 or 766.$2fast$0(OCoLC)fst01826713
=650  \7$aEthics.$2fast$0(OCoLC)fst00915833
=710  2\$aPrinceton University.$bLibrary.
=730  0\$aArabic Collections Online.
=776  08$iOnline version:$aZayn al-Dīn, Muḥammad Amīn.$tAkhlāq ʻinda al-Imām al-Ṣādiq.$d[Tehran?] : Munaẓẓamat al-Iʻlām al-Islāmī, Qism al-ʻAlāqāt al-Dawlīyah, 1403 [i.e. 1982]$w(OCoLC)613267482
=776  08$iPrint version:$aZayn al-Dīn, Muḥammad Amīn.$tal-Akhlāq ʻinda al-Imām al-Ṣādiq$w(NjP)404254$w(DLC)   85122412 $w(OCoLC)13394770
=856  40$uhttp://hdl.handle.net/2333.1/t4b8h49t 
=880  1\$6100-01$aزين الدين، محمد امين.
=880  12$6245-02$aالاخلاق عند الامام الصادق /$cمحمد امين زين الدين.
=880  \\$6260-03$a[طهران؟] :$bمنظمة الاعلام الاسلامي، قسم العلاقات الدولية، $c1403 [i.e. 1982]
=959  \\$aNNU$bWEB$cGENI$t0$mElectronic access$s01
=999  \\$iNjP_404254$o(OCoLC)ocm13394770$sprinceton_aco003256$e(ERROR-880)$sprinceton_aco003256

