=LDR  02924nam a2200505Mi 4500
=001  1088625
=003  NjP
=006  m\\\\\\\\d\\\\\\\\
=007  cr\cn\|||m|||a
=008  200430s1865\\\\ua\\\\\\o\\\\\000\0\ara\d
=040  \\$aZYU$bara$erda$cZYU
=050  \4$aPJ6101.I163$bK32x 1865
=100  1\$6880-01$aKafrāwī, Ḥasan ibn ʻAlī,$d-1787 or 1788.
=240  10$6880-02$aSharḥ al-Kafrāwī ʻalá matn al-Ājurrūmīyah
=245  10$6880-03$aHādhā Sharḥ al-Kafrāwī ʻalá matn al-Ājurrūmīyah.
=246  3\$6880-04$aSharḥ al-Kafrāwī ʻalá matn al-Ajrūmīyah
=264  \1$6880-05$aMiṣr, al-Qāhirah :$bMaṭbaʻat Muḥammad Shāhīn,$c1282 [1865]
=300  \\$aonline resource (196 pages)
=336  \\$atext$2rdacontent
=337  \\$acomputer$2rdamedia
=338  \\$aonline resource$2rdacarrier
=500  \\$aColophon dated: 20 Muḥarram sanat 1282 H.
=500  \\$6880-06$a"Tṣḥīḥihi bi-maʻrifat Aḥmad Marwān"--Colophon.
=500  \\$aPart of the Arabic Collections Online (ACO) project, contributed by Princeton University Libraries.
=533  \\$aElectronic reproduction.$bNew York, N.Y. :$cNew York University,$d2020.$5NNU
=600  10$aIbn Ājurrūm, Muḥammad ibn Muḥammad,$d1273 or 1274-1323.$tAjurrūmīyah.
=650  \0$aArabic language$xGrammar$vEarly works to 1800.
=630  07$aAjurrūmīyah (Ibn Ājurrūm, Muḥammad ibn Muḥammad)$2fast$0(OCoLC)fst01911422
=650  \7$aArabic language$xGrammar.$2fast$0(OCoLC)fst00812341
=655  \7$aEarly works.$2fast$0(OCoLC)fst01411636
=700  1\$6880-07$aMarwān, Aḥmad.
=710  2\$aPrinceton University.$bLibrary.
=730  0\$aArabic Collections Online.
=776  08$iOnline version:$aKafrāwī, Ḥasan ibn ʻAlī, -1787 or 8.$sSharḥ al-Kafrāwī ʻalá matn al-Ājurrūmīyah.$tHādhā Sharḥ al-Kafrāwī ʻalá matn al-Ājurrūmīyah.$dMiṣr al-Qāhirah : Muḥammad al-Shāhīn, 1282 [1865]$w(OCoLC)657165806
=776  08$iPrint version:$aKafrāwī, Ḥasan ibn ʻAlī, -1787 or 1788.$tHādhā Sharḥ al-Kafrāwī ʻalá matn al-Ājurrūmīyah$w(NjP)1088625$w(OCoLC)35725694
=856  40$uhttp://hdl.handle.net/2333.1/8931zpff 
=880  1\$6100-01$aكفراوي، حسن بن علي،-$d1787 أو 1788.
=880  10$6240-02$a‏شرح الكفراوي على متن الأجرومية
=880  10$6245-03$aهذا شرح الكفراوي على متن الآجرومية.
=880  3\$6246-04$aشرح الكفراوي على متن الأجرومية
=880  \1$6264-05$aمصر، القاهرة :$bمطبعة محمد شاهين،$c1282 [1865]
=880  \\$6500-06$a"تصحيحه بمعرفة احمد مروان"Colophon.
=880  1\$6700-07$aمروان، احمد.
=959  \\$aNNU$bWEB$cGENI$t0$mElectronic access$s01
=999  \\$iNjP_1088625$o(OCoLC)ocm35725694$sprinceton_aco004333:$sprinceton_aco004333:

