=LDR  02611nam a2200505Mi 4500
=001  834911
=003  NjP
=006  m\\\\\\\\d\\\\\\\\
=007  cr\cn\|||m|||a
=008  200430s1970\\\\iq\\\\\\ob\\\\000\0\ara\d
=040  \\$aZYU$bara$erda$cZYU
=043  \\$ama-----
=090  \\$aSF284.A68$bA863 1970
=100  1\$6880-01$aAṣmaʻī, ʻAbd al-Malik ibn Qurayb,$d740-approximately 828.
=240  10$6880-02$aKhayl lil-aṣmá
=245  10$6880-03$aKitāb al-khayl lil-aṣmá /$c[taʼlīf] Abī Saʻīd ʻAbd al-Malik ibn Qurayb ; [taqdīm wa-taḥqīq] Nūrī Ḥammūdī al-Qaysī.
=260  \\$6880-04$aBaghdād :$bMaṭbaʻat al-Ḥukūmah,$c1970.
=300  \\$aonline resource ([51] pages)
=336  \\$atext$2rdacontent
=337  \\$acomputer$2rdamedia
=338  \\$aonline resource$2rdacarrier
=500  \\$aIn Arabic.
=500  \\$aPart of the Arabic Collections Online (ACO) project, contributed by Princeton University Libraries.
=504  \\$aIncludes bibliographical references.
=500  \\$6880-05$a"Mustallah min Majallat Kullīyat al-Ādāb al-ʻadad al-thānī al-ʻashar, 1969."
=533  \\$aElectronic reproduction.$bNew York, N.Y. :$cNew York University,$d2020.$5NNU
=650  \0$aHorses$zArab countries$vEarly works to 1800.
=650  \0$aHorsemanship$zArab countries$vEarly works to 1800.
=650  \7$aHorsemanship.$2fast$0(OCoLC)fst00960561
=650  \7$aHorses.$2fast$0(OCoLC)fst00960603
=651  \7$aArab countries.$2fast$0(OCoLC)fst01240128
=655  \7$aEarly works.$2fast$0(OCoLC)fst01411636
=700  1\$6880-06$aQaysī, Nūrī Ḥammūdī.
=710  2\$aPrinceton University.$bLibrary.
=730  0\$aArabic Collections Online.
=776  08$iPrint version:$aAṣmaʻī, ʻAbd al-Malik ibn Qurayb, 740-approximately 828.$tKitāb al-khayl lil-aṣmá$w(NjP)834911$w(OCoLC)23118569
=856  40$uhttp://hdl.handle.net/2333.1/tmpg4qwc 
=880  1\$6100-01$aاصمعي، عبد الملك بن قريب،$d740-approximately 828.
=880  10$6240-02$aخيل للاصمعي
=880  10$6245-03$aكتاب الخيل للاصمعي /$cابي سعيد عبد الملك بن قريب ؛ صنعه نوري حمودي القيسي.
=880  \\$6260-04$aبغداد :$bمطبعة الحكومة،$c1970.
=880  \\$6500-05$a"مستلة من مجلة كلية الآداب العدد الثاني العشر، 1969."
=880  1\$6700-06$aقيسي، نوري حمودي.
=959  \\$aNNU$bWEB$cGENI$t0$mElectronic access$s01
=999  \\$iNjP_834911$o(OCoLC)ocm23118569$sprinceton_aco004212:$e(ERROR-880)$sprinceton_aco004212:

