=LDR  02161nam a2200409Mi 4500
=001  943056
=003  NjP
=006  m\\\\\\\\d\\\\\\\\
=007  cr\cn\|||m|||a
=008  200430s1924\\\\ua\\\\\\o\\\\\000\0\ara\d
=040  \\$aZYU$bara$erda$cZYU
=050  \4$aBP217$b.M3
=100  1\$6880-01$aMaqrīzī, Aḥmad ibn ʻAlī,$d1364-1442.
=245  10$6880-02$aTajrīd al-tawḥīd al-mufīd /$cli-Aḥmad ibn ʻAlī al-Maqrīzī ; ʻuniyat bi-taṣḥ⁻ihih wa-al-taʻl⁻iq ʻalayhi wa-nashrih ... Id⁻arat al-Ṭib⁻aʻah al-Mun⁻ir⁻iyah.
=250  \\$6880-03$aal-Ṭabʻah 1.
=260  \\$6880-04$aMiṣr :$bMaṭbaʻat al-Sharq,$c343 [1924 or 1925]
=300  \\$aonline resource (48 pages)
=336  \\$atext$2rdacontent
=337  \\$acomputer$2rdamedia
=338  \\$aonline resource$2rdacarrier
=500  \\$aPart of the Arabic Collections Online (ACO) project, contributed by Princeton University Libraries.
=533  \\$aElectronic reproduction.$bNew York, N.Y. :$cNew York University,$d2020.$5NNU
=650  \0$aWorship (Islam)$vEarly works to 1800.
=650  \0$aIslam$xDoctrines$vEarly works to 1800.
=650  \7$aIslam$xDoctrines.$2fast$0(OCoLC)fst00979787
=650  \7$aWorship (Islam)$2fast$0(OCoLC)fst01181460
=655  \7$aEarly works.$2fast$0(OCoLC)fst01411636
=710  2\$aPrinceton University.$bLibrary.
=730  0\$aArabic Collections Online.
=776  08$iPrint version:$aMaqrīzī, Aḥmad ibn ʻAlī, 1364-1442.$tTajrīd al-tawḥīd al-mufīd$w(NjP)943056$w(OCoLC)31858833
=856  40$uhttp://hdl.handle.net/2333.1/1vhhms9d 
=880  1\$6100-01$aمقريزي، احمد بن علي،$d1364-1442.
=880  10$6245-02$aتجريد التوحيد المفيد /$cلتقي الدين أحمد بن علي المقريزي ؛ عنيت بتصحيحه والتعليق عليه ونشره ... إدارة الطباعة المنيرية.
=880  \\$6250-03$aالطبعة ١.
=880  \\$6260-04$aمصر :$bمطبعة الشرق،$c343 [1924 or 1925]
=959  \\$aNNU$bWEB$cGENI$t0$mElectronic access$s01
=999  \\$iNjP_943056$o(OCoLC)ocm31858833$sprinceton_aco003992:$e(ERROR-880)$sprinceton_aco003992:

