=LDR  01895nam a2200385Mi 4500
=001  636899
=003  NjP
=006  m\\\\\\\\d\\\\\\\\
=007  cr\cn\|||m|||a
=008  200430m19899999ir\\\\\\o\\\\\000\0\ara\d
=040  \\$aZYU$bara$erda$cZYU
=050  \4$aBP193.28$b.N35 1989
=100  1\$6880-01$aNajjār, Muḥammad ʻAlī.
=245  10$6880-02$aTaṣḥīḥ turāthinā al-rijālī :$bmaʻa al-taʻrīf bi-al-mahjūlīn min ruwātih /$ctaʼlīf Muḥammad ʻAlī al-Ṇajjār.
=250  \\$6880-03$aAl-Ṭabʻah 1.
=260  \\$6880-04$a[Qum?] :$bMuʼassasat Dār al-Hijrah,$c1410- [1989 or 1990-]
=300  \\$aonline resource (volumes)
=336  \\$atext$2rdacontent
=337  \\$acomputer$2rdamedia
=338  \\$aonline resource$2rdacarrier
=500  \\$aTitle page partially vocalized.
=500  \\$aPart of the Arabic Collections Online (ACO) project, contributed by Princeton University Libraries.
=533  \\$aElectronic reproduction.$bNew York, N.Y. :$cNew York University,$d2020.$5NNU
=650  \0$aHadith$xAuthorities.
=650  \7$aHadith$xAuthorities.$2fast$0(OCoLC)fst00950115
=710  2\$aPrinceton University.$bLibrary.
=730  0\$aArabic Collections Online.
=776  08$iPrint version:$aNajjār, Muḥammad ʻAlī.$tTaṣḥīḥ turāthinā al-rijālī$w(NjP)636899$w(OCoLC)23695407
=856  40$uhttp://hdl.handle.net/2333.1/tx95xh3s 
=880  1\$6100-01$aنجار، محمد علي.
=880  10$6245-02$aتصحيح تراثنا الرجالي :$bمع التعريف بالمهجولين من رواته /$cتأليف محمد علي النجار.
=880  \\$6250-03$aالطبعة 1.
=880  \\$6260-04$a[قم؟] :$bمؤسسة دار الهجرة،$c1410- [1989 or 1990-]
=959  \\$aNNU$bWEB$cGENI$t0$mElectronic access$s01
=999  \\$iNjP_636899$o(OCoLC)ocm23695407$sprinceton_aco002904$e(ERROR-880)$sprinceton_aco002904

