=LDR  01864nam a2200433Mi 4500
=001  2750832
=003  NjP
=006  m\\\\\\\\d\\\\\\\\
=007  cr\cn\|||m|||a
=008  200430s1945\\\\ua\a\\\\o\\\\\000\0\arard
=040  \\$aZYU$bara$erda$cZYU
=043  \\$af-sj---$af-ua---
=050  \4$aDT108$b.S83
=100  1\$6880-01$aṢubayḥ, Muḥammad.
=245  13$6880-02$aal-Nīl.
=260  \\$6880-03$aal-Qāhirah :$bDār al-Thaqāfah al-ʻĀmmah,$c1945.
=300  \\$aonline resource (191 pages) :$billustrations
=336  \\$atext$2rdacontent
=337  \\$acomputer$2rdamedia
=338  \\$aonline resource$2rdacarrier
=500  \\$aIn Arabic.
=500  \\$aPart of the Arabic Collections Online (ACO) project, contributed by Princeton University Libraries.
=533  \\$aElectronic reproduction.$bNew York, N.Y. :$cNew York University,$d2020.$5NNU
=651  \0$aSudan$xHistory.
=651  \0$aEgypt$xForeign relations$zSudan.
=650  \7$aDiplomatic relations.$2fast$0(OCoLC)fst01907412
=651  \7$aEgypt.$2fast$0(OCoLC)fst01208755
=651  \7$aSudan.$2fast$0(OCoLC)fst01204591
=655  \7$aHistory.$2fast$0(OCoLC)fst01411628
=710  2\$aPrinceton University.$bLibrary.
=730  0\$aArabic Collections Online.
=776  08$iOnline version:$aṢubayḥ, Muḥammad.$tNīl.$d[Cairo] Dār al-Thaqāfah al-ʻĀmmah [1945]$w(OCoLC)655030544
=776  08$iPrint version:$aṢubayḥ, Muḥammad.$tal-Nīl$w(NjP)2750832$w(OCoLC)15299674
=856  40$uhttp://hdl.handle.net/2333.1/qz612vbb 
=880  1\$6100-01$aصبيح، محمد.
=880  12$6245-02$aالنيل /$cلمحمد صبيح.
=880  \\$6260-03$aالقاهرة :$bدار الثقافة العامة،$c١٩٤٥.
=959  \\$aNNU$bWEB$cGENI$t0$mElectronic access$s01
=999  \\$iNjP_2750832$o(OCoLC)ocm15299674$sprinceton_aco002307$e(ERROR-880)$sprinceton_aco002307

