=LDR  01412nam a2200325Mi 4500
=001  502263
=003  NjP
=006  m\\\\\\\\d\\\\\\\\
=007  cr\cn\|||m|||a
=008  200430s1982\\\\ir\\\\\\o\\\\\000\0\ara\d
=040  \\$aZYU$bara$erda$cZYU
=050  \4$aDS63.6$b.I422 1982
=245  00$6880-01$aIlá al-waḥdah ayyuhā al-Muslimūn.
=260  \\$6880-02$aṬihrān :$bMunaẓẓamat al-Iʻlām al-Islāmī,$c1982.
=300  \\$aonline resource (37 pages)
=336  \\$atext$2rdacontent
=337  \\$acomputer$2rdamedia
=338  \\$aonline resource$2rdacarrier
=500  \\$aPart of the Arabic Collections Online (ACO) project, contributed by Princeton University Libraries.
=533  \\$aElectronic reproduction.$bNew York, N.Y. :$cNew York University,$d2020.$5NNU
=650  \0$aPanarabism.
=650  \7$aPanarabism.$2fast$0(OCoLC)fst01051941
=710  2\$aPrinceton University.$bLibrary.
=730  0\$aArabic Collections Online.
=776  08$iPrint version:$tIlá al-waḥdah ayyuhā al-Muslimūn$w(NjP)502263$w(OCoLC)26601093
=856  40$uhttp://hdl.handle.net/2333.1/6t1g1vj3 
=880  00$6245-01$aالى الوحدة ايها المسملون.
=880  \\$6260-02$aطهران :$bمنظمة الاعلام الاسلامي،$c1982.
=959  \\$aNNU$bWEB$cGENI$t0$mElectronic access$s01
=999  \\$iNjP_502263$o(OCoLC)ocm26601093$sprinceton_aco003996:$e(ERROR-880)$sprinceton_aco003996:

