=LDR  02147nam a2200433Mi 4500
=001  400409
=003  NjP
=006  m\\\\\\\\d\\\\\\\\
=007  cr\cn\|||m|||a
=008  200430s1985\\\\ir\\\\\\ob\\\\000\0\perrd
=040  \\$aZYU$bara$erda$cZYU
=050  \4$aBP52$b.Z39 1985
=100  1\$6880-01$aZayn al-Dīn, Muḥammad Amīn.
=245  13$6880-02$aal-Islām :$byanābīʻuh, manā hijuh, ghāyātuh /$cMuḥammad Amīn Zayn al-Dīn.
=250  \\$6880-03$aal-Ṭabʻah 2.
=260  \\$6880-04$aṬihrān :$bMunaẓẓamat al-Iʻlām al-Islāmī,$c1985.
=300  \\$aonline resource (200 pages)
=336  \\$atext$2rdacontent
=337  \\$acomputer$2rdamedia
=338  \\$aonline resource$2rdacarrier
=500  \\$aPart of the Arabic Collections Online (ACO) project, contributed by Princeton University Libraries.
=504  \\$aIncludes bibliographical references.
=533  \\$aElectronic reproduction.$bNew York, N.Y. :$cNew York University,$d2020.$5NNU
=650  \0$aIslam$xOrigin.
=650  \0$aShīʻah$xHistory.
=650  \7$aIslam$xOrigin.$2fast$0(OCoLC)fst00979818
=650  \7$aShīʻah.$2fast$0(OCoLC)fst01117946
=655  \7$aHistory.$2fast$0(OCoLC)fst01411628
=710  2\$aPrinceton University.$bLibrary.
=730  0\$aArabic Collections Online.
=776  08$iOnline version:$aZayn al-Dīn, Muḥammad Amīn.$tIslām.$bal-Ṭabʻah 2.$dṬihrān : Munaẓẓamat al-Iʻlām al-Islāmī, 1985$w(OCoLC)573523189
=776  08$iPrint version:$aZayn al-Dīn, Muḥammad Amīn.$tal-Islām$w(NjP)400409$w(OCoLC)19242703
=856  40$uhttp://hdl.handle.net/2333.1/cvdncvf5 
=880  0\$6100-01$aمحمد امين زين الدين.
=880  12$6245-02$aالإسلام :$bينابيعه، مناهجه، غاياته /$cمحمد امين زين الدين.
=880  \\$6250-03$aالطبعة ٢.
=880  \\$6260-04$aتهران :$bمنظمة الاعلام الاسلامي، معاونية الرئاسة للعلاقات الدولية،$c١٩٨٥.
=959  \\$aNNU$bWEB$cGENI$t0$mElectronic access$s01
=999  \\$iNjP_400409$o(OCoLC)ocm19242703$sprinceton_aco002834$sprinceton_aco002834

