=LDR  02698nam a2200529Mi 4500
=001  481933
=003  NjP
=006  m\\\\\\\\d\\\\\\\\
=007  cr\cn\|||m|||a
=008  200430s1987\\\\ir\\\\\\ob\\\\000\0\ara\d
=040  \\$aZYU$bara$erda$cZYU
=041  1\$aara$hper
=050  \4$aHQ1170$b.M8612 1987
=100  1\$6880-01$aMuṭahharī, Murtaz̤á.
=240  10$6880-02$aNiẓām-i ḥuqūq-i zan dar Islām.$lArabic
=245  10$6880-03$aNiẓām ḥuqūq al-marʼah fī al-Islām /$cMurtaḍá al-Muṭahharī ; [al-mutarjim, Abū Zahrāʼ al-Najafī].
=250  \\$6880-04$aal-Ṭabʻah 3.
=260  \\$6880-05$aṬahrān :$bMunaẓẓamat al-Iʻlām al-Islāmī, Muʻāwanīyat al-Riʼāsah lil-ʻAlāqāt al-Dawlīyah,$c1987.
=300  \\$aonline resource (331 pages)
=336  \\$atext$2rdacontent
=337  \\$acomputer$2rdamedia
=338  \\$aonline resource$2rdacarrier
=500  \\$aPart of the Arabic Collections Online (ACO) project, contributed by Princeton University Libraries.
=533  \\$aElectronic reproduction.$bNew York, N.Y. :$cNew York University,$d2020.$5NNU
=546  \\$aTranslation of: Niẓām-i ḥuqūq-i zan dar Islām, into Arabic.
=504  \\$aIncludes bibliographical references.
=650  \0$aMuslim women.
=650  \0$aWomen (Islamic law)
=650  \0$aWomen's rights$xReligious aspects$xIslam.
=650  \0$aWomen$xReligious aspects$xIslam.
=650  \7$aMuslim women.$2fast$0(OCoLC)fst01030996
=650  \7$aWomen (Islamic law)$2fast$0(OCoLC)fst01735659
=650  \7$aWomen$xReligious aspects$xIslam.$2fast$0(OCoLC)fst01176917
=650  \7$aWomen's rights$xReligious aspects$xIslam.$2fast$0(OCoLC)fst01178834
=700  1\$6880-06$aNajafī, Abū Zahrāʼ.
=710  2\$aPrinceton University.$bLibrary.
=730  0\$aArabic Collections Online.
=776  08$iPrint version:$aMuṭahharī, Murtaz̤á.$tNiẓām ḥuqūq al-marʼah fī al-Islām$w(NjP)481933$w(OCoLC)65417923
=856  40$uhttp://hdl.handle.net/2333.1/p5hqc896 
=880  1\$6100-01$aمطهري، مرتضى.
=880  10$6240-02$aنظام حقوق زن در اسلام.$lعربى
=880  10$6245-03$aنظام حقوق المرأة في الاسلام /$cمرتضى المطهري ؛ [المترجم، ابو زهراء النجفي].
=880  \\$6250-04$aالطبعة 3.
=880  \\$6260-05$aطهران :$bمنظمة الاعلام الاسلامي، معاونية الرئاسة للعلاقات الدولية،$c1987.
=880  1\$6700-06$aنجفي، أبو زهراء.
=959  \\$aNNU$bWEB$cGENI$t0$mElectronic access$s01
=999  \\$iNjP_481933$o(OCoLC)ocm65417923$sprinceton_aco003935:$sprinceton_aco003935:

