=LDR  02097nam a2200433Mi 4500
=001  2767892
=003  NjP
=006  m\\\\\\\\d\\\\\\\\
=007  cr\cn\|||m|||a
=008  200430s1950\\\\iq\\\\\\ob\\\\001\0\araod
=040  \\$aZYU$bara$erda$cZYU
=050  \4$aDS36.855$b.S89 1950
=100  0\$6880-01$aSuyūṭī,$d1445-1505.
=245  13$6880-02$aal-Wasāʼil ilá musāmarat al-awāʼil /$ctaʼlīf Jalāl al-Dīn al-Suyūṭī ; ḥaqqaqahu Asʻad Ṭalas.
=260  \\$6880-03$aBaghdād :$bMaktabat al-Zawrāʼ,$c1950.
=300  \\$aonline resource (12, 216 pages)
=336  \\$atext$2rdacontent
=337  \\$acomputer$2rdamedia
=338  \\$aonline resource$2rdacarrier
=490  1\$6880-04$aIḥyāʼ al-dhakhāʼir al-ʻArabīyah
=500  \\$aPart of the Arabic Collections Online (ACO) project, contributed by Princeton University Libraries.
=504  \\$aIncludes bibliographical references and indexes.
=533  \\$aElectronic reproduction.$bNew York, N.Y. :$cNew York University,$d2020.$5NNU
=650  \0$aIslamic civilization.
=650  \7$aIslamic civilization.$2fast$0(OCoLC)fst01730294
=700  1\$6880-05$aṬalas, Asʻad.
=710  2\$aPrinceton University.$bLibrary.
=730  0\$aArabic Collections Online.
=776  08$iPrint version:$aSuyūṭī, 1445-1505.$tal-Wasāʼil ilá musāmarat al-awāʼil$w(NjP)2767892$w(OCoLC)29631015
=830  \0$6880-06$aIḥyāʼ al-dhakhāʼir al-ʻArabīyah.
=856  40$uhttp://hdl.handle.net/2333.1/9zw3rbq8 
=880  0\$6100-01$aسيوطي،$d1445-1505.
=880  12$6245-02$aالوسائل الى مسامرة الأوائل /$cتأليف جلال الدين السيوطي ؛ حققه اسعد طلس.
=880  \\$6260-03$aبغداد :$bمكتبة الزوراء،$c١٩٥٠.
=880  1\$6490-04$aإحياء الذخائر العربية
=880  1\$6700-05$aطلس، اسعد.
=880  \0$6830-06$aإحياء الذخائر العربية.
=959  \\$aNNU$bWEB$cGENI$t0$mElectronic access$s01
=999  \\$iNjP_2767892$o(OCoLC)ocm29631015$sprinceton_aco002384$sprinceton_aco002384

