=LDR  02151nam a2200433Mi 4500
=001  1670895
=003  NjP
=006  m\\\\\\\\d\\\\\\\\
=007  cr\cn\|||m|||a
=008  200430s1966\\\\iq\c\\\\ob\\\\000\0carar\
=040  \\$aZYU$bara$erda$cZYU
=043  \\$aa-iq---
=045  \\$ax x
=050  00$aBP63.I72$bS35
=100  1\$6880-01$aSāmarrāʼī, Yūnus Ibrāhīm.
=245  10$6880-02$aTārīkh ʻulamāʼ Sāmarrāʼ /$ctaʼlīf Yūnus Ibrāhīm al-Sāmarrāʼī.
=260  \\$6880-03$aBaghdād :$bMaṭbaʻat Dār al-Baṣrī,$c1966.
=300  \\$aonline resource (116 pages) :$bportraits
=336  \\$atext$2rdacontent
=337  \\$acomputer$2rdamedia
=338  \\$aonline resource$2rdacarrier
=500  \\$aPart of the Arabic Collections Online (ACO) project, contributed by Princeton University Libraries.
=504  \\$aIncludes bibliographical references (page 113).
=533  \\$aElectronic reproduction.$bNew York, N.Y. :$cNew York University,$d2020.$5NNU
=650  \0$aMuslim scholars$zIraq$zSāmarrāʼ.
=651  \0$aSāmarrāʼ (Iraq)$vBiography.
=650  \7$aMuslim scholars.$2fast$0(OCoLC)fst01731774
=651  \7$aIraq$zSāmarrāʼ$2fast$0(OCoLC)fst01236860
=655  \7$aBiographies.$2fast$0(OCoLC)fst01919896
=710  2\$aPrinceton University.$bLibrary.
=730  0\$aArabic Collections Online.
=776  08$iOnline version:$aSāmarrāʼī, Yūnus Ibrāhīm.$tTārīkh ʻulamāʼ Sāmarrāʼ.$dBaghdād : Maṭbaʻat Dār al-Baṣrī, 1966$w(OCoLC)639385349
=776  08$iPrint version:$aSāmarrāʼī, Yūnus Ibrāhīm.$tTārīkh ʻulamāʼ Sāmarrāʼ$w(NjP)1670895$w(DLC)ne 67001179 $w(OCoLC)23495365
=856  40$uhttp://hdl.handle.net/2333.1/dfn2zctf 
=880  1\$6100-01$aسامرائي، يونس ابراهيم.
=880  10$6245-02$aتاريخ علماء سامراء /$cتأليف يونس ابراهيم السامرائي.
=880  \\$6260-03$aبغداد :$bمطبعة دار البصري،$c1966.
=959  \\$aNNU$bWEB$cGENI$t0$mElectronic access$s01
=999  \\$iNjP_1670895$o(OCoLC)ocm23495365$sprinceton_aco003905:$sprinceton_aco003905:

