=LDR  02453nam a2200469Mi 4500
=001  1025666
=003  NjP
=006  m\\\\\\\\d\\\\\\\\
=007  cr\cn\|||m|||a
=008  200430s1990\\\\ir\\\\\\ob\\\\000\0\ara\d
=040  \\$aZYU$bara$erda$cZYU
=041  0\$aara$aper
=050  14$aBP130.2$b.T364 1990
=100  1\$6880-01$aTunukābunī, Muḥammad ibn Sulaymān,$d1819 or 1820-1892?
=245  10$6880-02$aTawshīḥ al-tafsīr :$bfī qawāʻid al-tafsīr wa-al-taʼwīl /$ctaʼlīf Muḥammad ibn Sulaymān al-Tunukābunī ; taḥqīq Jaʻfar al-Saʻīdī al-Jīlānī.
=250  \\$6880-03$aal-Tabʻah 1.
=260  \\$6880-04$aQum :$bIntishārāt Kitāb Saʻdī,$c1411 [1990]
=300  \\$aonline resource (9, 232 pages)
=336  \\$atext$2rdacontent
=337  \\$acomputer$2rdamedia
=338  \\$aonline resource$2rdacarrier
=500  \\$aPart of the Arabic Collections Online (ACO) project, contributed by Princeton University Libraries.
=504  \\$aIncludes bibliographical references.
=533  \\$aElectronic reproduction.$bNew York, N.Y. :$cNew York University,$d2020.$5NNU
=546  \\$aArabic and Persian; introduction also in Persian.
=630  00$aQurʼan$xCriticism, interpretation, etc.
=630  00$aQurʼan$xHermeneutics.
=630  07$aQurʼan.$2fast$0(OCoLC)fst01842877
=650  \7$aHermeneutics.$2fast$0(OCoLC)fst00955492
=655  \7$aCriticism, interpretation, etc.$2fast$0(OCoLC)fst01411635
=700  1\$6880-05$aSaʻīdī al-Jīlānī, Jaʻfar.
=710  2\$aPrinceton University.$bLibrary.
=730  0\$aArabic Collections Online.
=776  08$iPrint version:$aTunukābunī, Muḥammad ibn Sulaymān, 1819 or 1820-1892?$tTawshīḥ al-tafsīr$w(NjP)1025666$w(OCoLC)34031369
=856  40$uhttp://hdl.handle.net/2333.1/866t1rqd 
=880  1\$6100-01$aتنكابني، محمد بن سليمان،$d1819 or 1820-1892?
=880  10$6245-02$aتوشيح التفسير :$bفي قواعد التفسير والتأويل /$cتأليف محمد بن سليمان التنكابني ؛ تحقيق جعفر السعيدي الجيلاني.
=880  \\$6250-03$aالطبعة 1.
=880  \\$6260-04$aقم :$bانتشارات كتاب سعدي،$c1411 [1990]
=880  1\$6700-05$aسعيدي الجيلاني، جعفر.
=959  \\$aNNU$bWEB$cGENI$t0$mElectronic access$s01
=999  \\$iNjP_1025666$o(OCoLC)ocm34031369$sprinceton_aco003929:$e(ERROR-880)$sprinceton_aco003929:

