=LDR  03720nam a2200565Mi 4500
=001  2767266
=003  NjP
=006  m\\\\\\\\d\\\\\\\\
=007  cr\cn\|||m|||a
=008  200430m19631967su\\\\\\o\\\\\000\0\ara\\
=040  \\$aZYU$bara$erda$cZYU
=050  00$aBP135.A158$bM82
=082  04$a297.12406$221
=100  1\$6880-01$aMubārakfūrī, Muḥammad ʻAbd al-Raḥmān ibn ʻAbd al-Raḥīm,$d1866 or 1867-1935.
=245  00$6880-02$aTuḥfat al-aḥwadhī bi-sharḥ Jāmiʻ al-Tarmadhī /$cli-Abī al-ʻAlī Muḥammad ʻAbd al-Raḥmān ibn ʻAbd al-Raḥīm al-Mubārakfūrī ; ashraf ʻalá murājaʻat uṣūlih wa-taṣḥīḥih ʻAbd al-Wahhāb ʻAbd al-Laṭīf.
=246  30$6880-03$aSharḥ Jāmiʻ al-Tarmadhī
=250  \\$6880-04$aal-Ṭabʻah 2.
=260  \\$6880-05$aal-Madīnah al-Munawwarah :$bal-Maktabah al-Salafīyah,$c[1963-67]
=300  \\$aonline resource (10 volumes)
=336  \\$atext$2rdacontent
=337  \\$acomputer$2rdamedia
=338  \\$aonline resource$2rdacarrier
=500  \\$aPart of the Arabic Collections Online (ACO) project, contributed by Princeton University Libraries.
=533  \\$aElectronic reproduction.$bNew York, N.Y. :$cNew York University,$d2020.$5NNU
=650  \0$aHadith$xCriticism, interpretation, etc.
=600  10$6880-06$aTirmidhī, Muḥammad ibn ʻĪsá,$d-892.$tJāmiʻ al-ṣaḥīḥ.
=600  11$aTirmidhī, Muḥammad ibn ʻIsa,$d-892.$tJamiʻ al-ṣaḥiḥ
=630  07$aJāmiʻ al-ṣaḥīḥ (Tirmidhī, Muḥammad ibn ʻĪsá)$2fast$0(OCoLC)fst01368448
=650  \7$aHadith.$2fast$0(OCoLC)fst00950112
=655  \7$aCriticism, interpretation, etc.$2fast$0(OCoLC)fst01411635
=700  1\$6880-07$aʻAbd al-Laṭīf, ʻAbd al-Wahhāb.
=700  1\$6880-08$aʻUthmān, ʻAbd al-Raḥmān Muḥammad.
=700  12$6880-09$aTirmidhī, Muḥammad ibn ʻĪsá,$d-892.$tJāmiʻ al-ṣaḥīḥ.
=710  2\$aPrinceton University.$bLibrary.
=730  0\$aArabic Collections Online.
=776  08$iOnline version:$aMubārakfūrī, Muḥammad ʻAbd al-Raḥmān ibn ʻAbd al-Raḥīm, 1866 or 7-1935.$tTuḥfat al-aḥwadhī.$d[1963-67]$w(OCoLC)606109465
=776  08$iOnline version:$aMubārakfūrī, Muḥammad ʻAbd al-Raḥmān ibn ʻAbd al-Raḥīm, 1866 or 7-1935.$tTuḥfat al-aḥwadhī.$d[1963-67]$w(OCoLC)608376060
=776  08$iPrint version:$aMubārakfūrī, Muḥammad ʻAbd al-Raḥmān ibn ʻAbd al-Raḥīm, 1866 or 1867-1935.$tTuḥfat al-aḥwadhī bi-sharḥ Jāmiʻ al-Tarmadhī$w(NjP)2767266$w(DLC)ne 68000644 $w(OCoLC)23499797
=856  40$uhttp://hdl.handle.net/2333.1/rn8pk9db 
=880  1\$6100-01$aمباركفوري، محمد عبد الرحمن بن عبد الرحيم،$d1866 or 1867-1935.
=880  10$6245-02$aتحفة الأحوذي بشرح جامع الترمذي /$cلأبي العلى محمد عبد الرحمن بن عبد الرحيم المباركفوري ؛ أشرف على مراجعة أصوله وتصحيحه عبد الوهاب عبد اللطيف.
=880  30$6246-03$aشرح جامع الترمذي
=880  \\$6250-04$aالطبعة 2.
=880  \\$6260-05$aالمدينة المنورة :$bالمكتبة السلفية،$c[1963-67]
=880  10$6600-06$aترمذي، محمد بن عيسى،$d-892.$tجامع الصحيح.
=880  1\$6700-07$aعبد اللطيف، عبد الوهاب.
=880  1\$6700-08$aعثمان، عبد الرحمن محمد.
=880  12$6700-09$aترمذي، محمد بن عيسى،$d-892.$tجامع الصحيح.
=959  \\$aNNU$bWEB$cGENI$t0$mElectronic access$s01
=999  \\$iNjP_2767266$o(OCoLC)ocm23499797$sprinceton_aco003804:v.9$sprinceton_aco003804:v.9

