=LDR  02012nam a2200421Mi 4500
=001  2787869
=003  NjP
=006  m\\\\\\\\d\\\\\\\\
=007  cr\cn\|||m|||a
=008  200430s1945\\\\ua\\\\\\o\\\\\000\0\ararc
=040  \\$aZYU$bara$erda$cZYU
=043  \\$af-sj---
=050  \4$aDT156.7$b.H36 1945
=100  1\$6880-01$aḤamāmṣī, Jalāl al-Dīn,$d1912-
=245  10$6880-02$aMādhā fī al-Sūdān? /$cbi-qalam Jalāl al-Dīn al-Ḥamāmsī.
=260  \\$6880-03$a[al-Qāhirah] :$b[Dār al-Maʻārif],$c[1945]
=300  \\$aonline resource (203 pages)
=336  \\$atext$2rdacontent
=337  \\$acomputer$2rdamedia
=338  \\$aonline resource$2rdacarrier
=500  \\$aPart of the Arabic Collections Online (ACO) project, contributed by Princeton University Libraries.
=533  \\$aElectronic reproduction.$bNew York, N.Y. :$cNew York University,$d2020.$5NNU
=651  \0$aSudan$xHistory$y1899-1956.
=651  \0$aSudan$xPolitics and government$y1899-1956.
=650  \7$aPolitics and government$2fast$0(OCoLC)fst01919741
=651  \7$aSudan.$2fast$0(OCoLC)fst01204591
=648  \7$a1899-1956$2fast
=655  \7$aHistory.$2fast$0(OCoLC)fst01411628
=710  2\$aPrinceton University.$bLibrary.
=730  0\$aArabic Collections Online.
=776  08$iOnline version:$aḤamāmṣī, Jalāl al-Dīn, 1912-$tMādhā fī al-Sūdān?$d[al-Qāhirah: Dār al-Maʻārif, 1945]$w(OCoLC)654715690
=776  08$iPrint version:$aḤamāmṣī, Jalāl al-Dīn, 1912-$tMādhā fī al-Sūdān?$w(NjP)2787869$w(OCoLC)42862586
=856  40$uhttp://hdl.handle.net/2333.1/2ngf2556 
=880  1\$6100-01$aحمامصى، جلال الدين،$d1912-
=880  10$6245-02$aماذا فى السودان /$cبقلم جلال الدين الحمامصى.
=880  \\$6260-03$a[القاهرة] :$b[دار المعارف]،$c[1945]
=959  \\$aNNU$bWEB$cGENI$t0$mElectronic access$s01
=999  \\$iNjP_2787869$o(OCoLC)ocm42862586$sprinceton_aco002271$sprinceton_aco002271

