=LDR  02113nam a2200397Mi 4500
=001  2758329
=003  NjP
=006  m\\\\\\\\d\\\\\\\\
=007  cr\cn\|||m|||a
=008  200430m19631964iq\b\\\\ob\\\\000\0\arar\
=040  \\$aZYU$bara$erda$cZYU
=043  \\$aa-iq---
=050  00$aHG1555$b.J3
=100  1\$6880-01$aJāsim, Muḥammad ʻAlī Riḍā.
=245  13$6880-02$aal-Iʼtimān wa-al-ṣayrafah fī al-ʻIrāq al-qadīm /$c[taʼlīf] Muḥammad ʻAlī Riḍā al-Jāsim.
=260  \\$6880-03$aBaghdād :$bMat̄ābi Dār al-Taḍāmun,$c1963-1964.
=300  \\$aonline resource (125 pages) :$bfolded map
=336  \\$atext$2rdacontent
=337  \\$acomputer$2rdamedia
=338  \\$aonline resource$2rdacarrier
=500  \\$aPart of the Arabic Collections Online (ACO) project, contributed by Princeton University Libraries.
=504  \\$aIncludes bibliographical references (pages 123-125).
=533  \\$aElectronic reproduction.$bNew York, N.Y. :$cNew York University,$d2020.$5NNU
=650  \0$aBanks and banking$zIraq.
=650  \7$aBanks and banking.$2fast$0(OCoLC)fst00826867
=651  \7$aIraq.$2fast$0(OCoLC)fst01205757
=710  2\$aPrinceton University.$bLibrary.
=730  0\$aArabic Collections Online.
=776  08$iOnline version:$aJāsim, Muḥammad ʻAlī Riḍā.$tIʼtimām wa-al-ṣayrafah fī al-ʻIrāq al-qadīm.$dBaghdād, Mat̄ābi Dār al-Taḍāmun, 1963-64$w(OCoLC)551442356
=776  08$iPrint version:$aJāsim, Muḥammad ʻAlī Riḍā.$tal-Iʼtimān wa-al-ṣayrafah fī al-ʻIrāq al-qadīm$w(NjP)2758329$w(DLC)ne 67000399 $w(OCoLC)21743926
=856  40$uhttp://hdl.handle.net/2333.1/pnvx0w0p 
=880  1\$6100-01$aجاسم، محمد علي رضا.
=880  12$6245-02$aالائتمان والصيرفة في العراق القديم  /$c[تأليف] محمد علي رضا الجاسم.
=880  \\$6260-03$aبغداد :$bمطابع دار التضامن،$c1963-1964.
=959  \\$aNNU$bWEB$cGENI$t0$mElectronic access$s01
=999  \\$iNjP_2758329$o(OCoLC)ocm21743926$sprinceton_aco002009$e(ERROR-880)$sprinceton_aco002009

