=LDR  02159nam a2200421Mi 4500
=001  1689487
=003  NjP
=006  m\\\\\\\\d\\\\\\\\
=007  cr\cn\|||m|||a
=008  200430s1970\\\\iq\\\\\\ob\\\\000\0\ara\\
=040  \\$aZYU$bara$erda$cZYU
=043  \\$aaw-----$aff-----$ae-sp---
=050  \4$aDS38.5$bR381
=100  1\$6880-01$aRāwī, Thābit Ismāʻīl.
=245  10$6880-02$aTārīkh al-Dawlah al-ʻArabīyyah :$bKhilāfat al-Rashīdin w-al-Umuwiyīn /$ctaʼlīf Thābit Ismāʻīl al-Rāwī.
=250  \\$6880-03$a[al-Ṭabʻah 1].
=260  \\$6880-04$aBaghdād :$bMaṭbaʻat al-Irshād,$c1970.
=300  \\$aonline resource (3,244 pages)
=336  \\$atext$2rdacontent
=337  \\$acomputer$2rdamedia
=338  \\$aonline resource$2rdacarrier
=500  \\$aPart of the Arabic Collections Online (ACO) project, contributed by Princeton University Libraries.
=504  \\$aIncludes bibliographical references.
=533  \\$aElectronic reproduction.$bNew York, N.Y. :$cNew York University,$d2020.$5NNU
=651  \0$aIslamic Empire$xHistory.
=651  \7$aIslamic Empire.$2fast$0(OCoLC)fst01244134
=655  \7$aHistory.$2fast$0(OCoLC)fst01411628
=710  2\$aPrinceton University.$bLibrary.
=730  0\$aArabic Collections Online.
=776  08$iOnline version:$aRāwī, Thābit Ismāʻīl.$tTārīkh al-Dawlah al-ʻArabīyyah.$b[al-Ṭabʻah 1].$dBaghdād : Maṭbaʻat al-Irshād, 1970$w(OCoLC)609900881
=776  08$iPrint version:$aRāwī, Thābit Ismāʻīl.$tTārīkh al-Dawlah al-ʻArabīyyah$w(NjP)1689487$w(DLC)   71282412 $w(OCoLC)30494645
=856  40$uhttp://hdl.handle.net/2333.1/8kprrfk4 
=880  1\$6100-01$aراوي، ثابت إسماعيل.
=880  10$6245-02$aتاريخ الدولة العربية :$bخلافة الراشدين والأموين /$cتأليف ثابت إسماعيل الراوي.
=880  \\$6250-03$a[الطبعة 1].
=880  \\$6260-04$aبغداد :$bمطبعة الإرشاد،$c١٩٧٠.
=959  \\$aNNU$bWEB$cGENI$t0$mElectronic access$s01
=999  \\$iNjP_1689487$o(OCoLC)ocm30494645$sprinceton_aco002530$e(ERROR-880)$sprinceton_aco002530

