=LDR  03068nam a2200505Mi 4500
=001  614544
=003  NjP
=006  m\\\\\\\\d\\\\\\\\
=007  cr\cn\|||m|||a
=008  200430s1989\\\\ir\ah\\\ob\\\\001\0\ara\d
=040  \\$aZYU$bara$erda$cZYU
=050  \4$aBP80.A275$bM88 1990
=100  1\$6880-01$aIbn Maʻadd, Fakhār,$d-1232 or 1233.
=240  10$6880-02$aḤujjah ʻalá al-dhāhib ilá takfīr Abī Ṭālib 
=245  10$6880-03$aĪmān Abī Ṭālib :$bal-maʻrūf bi-kitāb al-Ḥujjah ʻalá al-dhāhib ilá takfīr Abī Ṭālib /$ctaʼlīf Shams al-Dīn Abī ʻAlī Fakhār ibn Maʻadd al-Mūsawī ; taḥqīq al-Sayyid Muḥammad Baḥr al-ʻUlūm.
=246  30$6880-04$aKitab al-Ḥujjah ʻalá al-dhāhib ilá takfīr Abī Ṭālib 
=250  \\$6880-05$aal-Ṭabʻah 1.
=260  \\$6880-06$aQum :$bIntishārāt Sayyid al-Shuhadāʼ,$c1410 [1989 or 1990]
=300  \\$aonline resource (441 pages) :$bfacsimiles
=336  \\$atext$2rdacontent
=337  \\$acomputer$2rdamedia
=338  \\$aonline resource$2rdacarrier
=500  \\$aIncludes indexes.
=500  \\$aPart of the Arabic Collections Online (ACO) project, contributed by Princeton University Libraries.
=504  \\$aIncludes bibliographical references.
=533  \\$aElectronic reproduction.$bNew York, N.Y. :$cNew York University,$d2020.$5NNU
=600  00$6880-07$aʻAlī ibn Abī Ṭālib,$cCaliph,$dapproximately 600-661.
=600  07$aʻAlī ibn Abī Ṭālib,$cCaliph,$dapproximately 600-661.$2fast$0(OCoLC)fst01804105
=700  1\$6880-08$aBaḥr al-ʻUlūm, Muḥammad Ṣādiq.
=710  2\$aPrinceton University.$bLibrary.
=730  0\$aArabic Collections Online.
=740  0\$6880-09$aḤujjah ʻalá al-dhāhib ilá takfīr Abī Ṭālib.
=776  08$iPrint version:$aIbn Maʻadd, Fakhār, -1232 or 1233.$tĪmān Abī Ṭālib$w(NjP)614544$w(OCoLC)79619824
=856  40$uhttp://hdl.handle.net/2333.1/7d7wmcw1 
=880  1\$6100-01$aإبن معد، فخار،$d-1232 or 1233.
=880  10$6240-02$aحجة على الذاهب الى تكفير أبي طالب
=880  10$6245-03$aإيمان أبي طالب :$bالمعروف بكتاب الحجة على الذاهب الى تكفير أبي طالب /$cتأليف شمس الدين أبي علي فخار بن معد الموسوي ؛ تحقيق السيد محمد بحر العلوم.
=880  30$6246-04$aكتاب الحجة على الذاهب إلى تكفير أبي طالب
=880  \\$6250-05$aالطبعة الأولى.
=880  \\$6260-06$aقم :$bمطبعة سيد الشهداء،$c1410 [1989 or 1990].
=880  04$6600-07$aأبو طالب عبد مناف بن عبد المطلب،,$dapproximately 540-approximately 619.
=880  1\$6700-08$aبحر العلوم، محمد صادق.
=880  0\$6740-09$aحجة على الذاهب الى تكفير ابي طالب.
=959  \\$aNNU$bWEB$cGENI$t0$mElectronic access$s01
=999  \\$iNjP_614544$o(OCoLC)ocm79619824$sprinceton_aco003126$e(ERROR-880)$sprinceton_aco003126

