=LDR  02171nam a2200445Mi 4500
=001  1027659
=003  NjP
=006  m\\\\\\\\d\\\\\\\\
=007  cr\cn\|||m|||a
=008  200430s1990\\\\ir\\\\\\ob\\\\000\0bara\d
=040  \\$aZYU$bara$erda$cZYU
=050  14$aBP193.2.A3$bM823 1990
=100  1\$6880-01$aMudarrisī, Muḥammad Taqī.
=245  13$6880-02$aal-Imām al-Hādī, ʻalayhi al-salām, qudwah wa-uswah /$c[Muḥammad Taqī al-Mudarrisī].
=246  3\$6880-03$aImām al-Hādī (ʻA) qudwah wa-uswah
=250  \\$6880-04$aal-Ṭabʻah 1.
=260  \\$6880-05$a[Iran] :$bMaktab al-al-ʻAllāmah al-Mudarrisī,$c1410 [1990]
=300  \\$aonline resource (71 pages)
=336  \\$atext$2rdacontent
=337  \\$acomputer$2rdamedia
=338  \\$aonline resource$2rdacarrier
=500  \\$aPart of the Arabic Collections Online (ACO) project, contributed by Princeton University Libraries.
=504  \\$aIncludes bibliographical references.
=533  \\$aElectronic reproduction.$bNew York, N.Y. :$cNew York University,$d2020.$5NNU
=600  00$aʻAlī al-Hādī,$d828?-868.
=650  \0$aImams (Shiites)$vBiography.
=600  07$aʻAlī al-Hādī,$d828?-868$2fast$0(OCoLC)fst00172258
=650  \7$aImams (Shiites)$2fast$0(OCoLC)fst00967650
=655  \7$aBiographies.$2fast$0(OCoLC)fst01919896
=710  2\$aPrinceton University.$bLibrary.
=730  0\$aArabic Collections Online.
=776  08$iPrint version:$aMudarrisī, Muḥammad Taqī.$tal-Imām al-Hādī, ʻalayhi al-salām, qudwah wa-uswah$w(NjP)1027659$w(OCoLC)34094859
=856  40$uhttp://hdl.handle.net/2333.1/wpzgn33q 
=880  1\$6100-01$aمدرسي، محمد تقي.
=880  12$6245-02$aالامام الهادي، عليه السلام، قدوة واسوة /$c[محمد تقي المدرسي].
=880  3\$6246-03$aامام الهادي (ع) قدوة واسوة
=880  \\$6250-04$aالطبعة 1.
=880  \\$6260-05$a[ايران] :$bمكتب اللعلامة المدرسي،$c1410 [1990]  
=959  \\$aNNU$bWEB$cGENI$t0$mElectronic access$s01
=999  \\$iNjP_1027659$o(OCoLC)ocm34094859$sprinceton_aco003257$e(ERROR-880)$sprinceton_aco003257

