=LDR  01456nam a2200349Mi 4500
=001  146431
=003  NjP
=006  m\\\\\\\\d\\\\\\\\
=007  cr\cn\|||m|||a
=008  200430s1947\\\\sy\a\\\\o\\\\\000\0cara\d
=040  \\$aZYU$bara$erda$cZYU
=043  \\$aa-sy---
=050  14$aDS99.J39
=245  03$6880-01$aal-Baʻth al-iṣlāḥī fī al-Jazīrah.
=260  \\$6880-02$aḤalab :$bMaṭbaʻat al-maʻārif,$c[1947?]
=300  \\$aonline resource (100 pages) :$billustrations
=336  \\$atext$2rdacontent
=337  \\$acomputer$2rdamedia
=338  \\$aonline resource$2rdacarrier
=500  \\$aCover title.
=500  \\$aPart of the Arabic Collections Online (ACO) project, contributed by Princeton University Libraries.
=533  \\$aElectronic reproduction.$bNew York, N.Y. :$cNew York University,$d2020.$5NNU
=651  \0$aJazīrah (Syria)$vBiography.
=655  \7$aBiographies.$2fast$0(OCoLC)fst01919896
=710  2\$aPrinceton University.$bLibrary.
=730  0\$aArabic Collections Online.
=776  08$iPrint version:$tal-Baʻth al-iṣlāḥī fī al-Jazīrah$w(NjP)146431$w(OCoLC)80633871
=856  40$uhttp://hdl.handle.net/2333.1/9cnp5tc8 
=880  02$6245-01$aالبعث الإصلاحي في الجزيرة.
=880  \\$6260-02$aحلب :$bمطبعة المعارف،$c[1947?]
=959  \\$aNNU$bWEB$cGENI$t0$mElectronic access$s01
=999  \\$iNjP_146431$o(OCoLC)ocm80633871$sprinceton_aco003798:$sprinceton_aco003798:

