=LDR  02151nam a2200421Mi 4500
=001  777904
=003  NjP
=006  m\\\\\\\\d\\\\\\\\
=007  cr\cn\|||m|||a
=008  200430m19619999su\c\\\\o\\\\\000\0\arard
=040  \\$aZYU$bara$erda$cZYU
=050  \4$aPJ8000$b.A32 1961
=245  00$6880-01$aAḍwāʼ al-nujūm min ashʻār al-Buqūm /$cjamʻ wa-tartīb wa-taqdīm Ḥusayn ibn ʻĀʼiḍ al-Rājiḥī al-Baqmī.
=250  \\$6880-02$aal-Ṭabʻah 1.
=260  \\$6880-03$aMakkah al-Mukarramah :$bDār al-Thaqāfah,$c1961-
=300  \\$aonline resource (volumes) :$bportraits
=336  \\$atext$2rdacontent
=337  \\$acomputer$2rdamedia
=338  \\$aonline resource$2rdacarrier
=500  \\$a"Mukhtārāt min al-ashʻār al-Nabaṭīyah fī kathīr min al-aghrāḍ al-adabīyah . taṣifu ḥayāt al-bādiyah min ḥaythu al-shakl wa-al-ʻarḍ."
=500  \\$aPart of the Arabic Collections Online (ACO) project, contributed by Princeton University Libraries.
=533  \\$aElectronic reproduction.$bNew York, N.Y. :$cNew York University,$d2020.$5NNU
=650  \0$aArabic poetry$y20th century.
=650  \0$aFolk poetry, Arabic.
=650  \7$aArabic poetry.$2fast$0(OCoLC)fst00812533
=650  \7$aFolk poetry, Arabic.$2fast$0(OCoLC)fst00929431
=648  \7$a1900-1999$2fast
=700  1\$6880-04$aBaqmī, Ḥusayn ibn ʻĀʼiḍ al-Rājiḥī.
=710  2\$aPrinceton University.$bLibrary.
=730  0\$aArabic Collections Online.
=776  08$iPrint version:$tAḍwāʼ al-nujūm min ashʻār al-Buqūm$w(NjP)777904$w(OCoLC)27274391
=856  40$uhttp://hdl.handle.net/2333.1/4b8gttg2 
=880  00$6245-01$aاضواء النجوم من أشعار البقوم /$cحمع وترتيب وتقديم حسين بن عائض الراجحي البقمي.
=880  \\$6250-02$aالطبعة ١.
=880  \\$6260-03$aمكة المكرمة :$bدار الثقافة،$c-١٩٦١
=880  0\$6700-04$aحسين بن عائض الراجحي البقمي.
=959  \\$aNNU$bWEB$cGENI$t0$mElectronic access$s01
=999  \\$iNjP_777904$o(OCoLC)ocm27274391$sprinceton_aco004011:$sprinceton_aco004011:

