=LDR  01752nam a2200397Mi 4500
=001  462125
=003  NjP
=006  m\\\\\\\\d\\\\\\\\
=007  cr\cn\|||m|||a
=008  200430s1960\\\\sy\ab\\\o\\\\\000\0\ara\d
=040  \\$aZYU$bara$erda$cZYU
=043  \\$aa-iq---
=050  \4$aDS70.9$b.I727 1960
=245  03$6880-01$aal-ʻIrāq al-thāʼir.
=260  \\$6880-02$a[Damascus] :$bManshūrāt al-Farʻ al-Thaqāfī al-ʻAskarī,$c[1960?]
=300  \\$aonline resource (113 pages) :$billustrations, maps
=336  \\$atext$2rdacontent
=337  \\$acomputer$2rdamedia
=338  \\$aonline resource$2rdacarrier
=500  \\$aPart of the Arabic Collections Online (ACO) project, contributed by Princeton University Libraries.
=533  \\$aElectronic reproduction.$bNew York, N.Y. :$cNew York University,$d2020.$5NNU
=651  \0$aIraq$xHistory.
=651  \0$aIraq$xHistory$yHashemite Kingdom, 1921-1958.
=651  \0$aIraq$xHistory$y1958-
=651  \7$aIraq.$2fast$0(OCoLC)fst01205757
=648  \7$aSince 1921$2fast
=655  \7$aHistory.$2fast$0(OCoLC)fst01411628
=710  2\$aPrinceton University.$bLibrary.
=730  0\$aArabic Collections Online.
=776  08$iOnline version:$tʻIrāq al-thāʼir.$d[Damascus] : Manshūrāt al-Farʻ al-Thaqāfī al-ʻAskarī, [1960?]$w(OCoLC)657144225
=776  08$iPrint version:$tal-ʻIrāq al-thāʼir$w(NjP)462125$w(OCoLC)503337673
=856  40$uhttp://hdl.handle.net/2333.1/t76hf1z6 
=880  02$6245-01$aالعراق الثائر.
=880  \\$6260-02$a[دمشق] :$bمنشورات الفرع الثقافي العسكري،$c[1960؟]
=959  \\$aNNU$bWEB$cGENI$t0$mElectronic access$s01
=999  \\$iNjP_462125$o(OCoLC)ocn503337673$sprinceton_aco002162$sprinceton_aco002162

