=LDR  02684nam a2200493Mi 4500
=001  1564402
=003  NjP
=006  m\\\\\\\\d\\\\\\\\
=007  cr\cn\|||m|||a
=008  200430s1970\\\\iq\\\\\\ob\\\\000\0\arar\
=040  \\$aZYU$bara$erda$cZYU
=050  00$aBP88.I24$bA68
=082  0\$a892.7834$222
=100  1\$6880-01$aIbn Bābawayh al-Qummī, Muḥammad ibn ʻAlī,$d918 or 919-991 or 992.
=240  10$6880-02$aAmālī
=245  10$6880-03$aAmālī al-Ṣadūq /$cli-Abī Jaʻfar al-Ṣadūq Muḥammad ibn ʻAlī ibn al-Husayn ibn Babawayh al-Qummī ; qaddam lahu Muḥammad Mahdī Ḥasan al-Mūsuwī al-Kharsān.
=260  \\$6880-04$aal-Najaf :$bal-Miṭbaʻah al-Ḥaydarīyah,$c1970.
=300  \\$aonline resource (48, 615 pages)
=336  \\$atext$2rdacontent
=337  \\$acomputer$2rdamedia
=338  \\$aonline resource$2rdacarrier
=500  \\$aKnown also under title: ʻArḍ al-majalis or al-majalis.
=500  \\$aPart of the Arabic Collections Online (ACO) project, contributed by Princeton University Libraries.
=504  \\$aIncludes bibliographical references.
=533  \\$aElectronic reproduction.$bNew York, N.Y. :$cNew York University,$d2020.$5NNU
=650  \0$aShiite literature.
=650  \7$aShiite literature.$2fast$0(OCoLC)fst01115967
=700  1\$6880-05$aKharsān, Ḥasan al-Mūsawī.
=710  2\$aPrinceton University.$bLibrary.
=730  0\$aArabic Collections Online.
=740  0\$6880-06$aʻArḍ al-majālis.
=740  0\$6880-07$aMajālis.
=776  08$iOnline version:$aIbn Bābawayh al-Qummī, Muḥammad ibn ʻAlī, 918 or 19-991 or 2.$sAmālī.$tAmālī al-Ṣadūq.$dal-Najaf : al-Miṭbaʻah al-Ḥaydarīyah, 1970$w(OCoLC)588824890
=776  08$iPrint version:$aIbn Bābawayh al-Qummī, Muḥammad ibn ʻAlī, 918 or 919-991 or 992.$tAmālī al-Ṣadūq$w(NjP)1564402$w(DLC)  74962187 $w(OCoLC)7669158
=856  40$uhttp://hdl.handle.net/2333.1/k6djhmkv 
=880  1\$6100-01$aابن بابويه القمي، محمد بن علي،,$d918 or 919-991 or 992.
=880  10$6240-02$aأمالي
=880  10$6245-03$aأمالي الصدوق /$cلأبي جعفر الصدوق محمد بن علي بن الحسين بن بابويه القمي ؛ قدم له محمد مهدي حسن الموسوي الخرسان.
=880  \\$6260-04$aالنجف :$bالمطبعة الحيدرية،$c1970.
=880  1\$6700-05$aخرسان، حسن الموسوي.
=880  0\$6740-06$aعرض المجالس.
=880  0\$6740-07$aمجالس.
=959  \\$aNNU$bWEB$cGENI$t0$mElectronic access$s01
=999  \\$iNjP_1564402$o(OCoLC)ocm07669158$sprinceton_aco003898:$sprinceton_aco003898:

