=LDR  03264nam a2200505Mi 4500
=001  460621
=003  NjP
=006  m\\\\\\\\d\\\\\\\\
=007  cr\cn\|||m|||a
=008  200430s1986\\\\ir\\\\\\ob\\\\001\0\arard
=040  \\$aZYU$bara$erda$cZYU
=050  \4$aK40.M6$bS535 1986
=100  1\$6880-01$aShahīd al-Thānī, Zayn al-Dīn ibn ʻAlī,$d1506-1559.
=245  10$6880-02$aMusakkin al-fuʼād ʻinda faqd al-aḥibbah wa-al-awlād /$ctaʼlīf al-Shahīd al-Thānī Zayn al-Dīn ʻAlī ibn Aḥmad al-Jabʻī al-ʻĀmilī ; taḥqiq Muʼassasat Āl al-Bayt li-Iḥyāʼ al-Turāth.
=250  \\$6880-03$aal-Ṭabʻah 1.
=260  \\$6880-04$aQum :$bMuʼassasat Āl al-Bayt li-Iḥyāʼ al-Turāth,$c1407 [1986 or 1987]
=300  \\$aonline resource (160 pages)
=336  \\$atext$2rdacontent
=337  \\$acomputer$2rdamedia
=338  \\$aonline resource$2rdacarrier
=490  1\$6880-05$aSilsilat maṣādir Biḥār al-anwār ;$v2
=490  1\$6880-06$aMuʼassasat Āl al-Bayt li-Iḥyāʼ al-Turāth ;$v37
=500  \\$aPart of the Arabic Collections Online (ACO) project, contributed by Princeton University Libraries.
=504  \\$aIncludes bibliographical references (pages 152-158) and indexes.
=533  \\$aElectronic reproduction.$bNew York, N.Y. :$cNew York University,$d2020.$5NNU
=650  \0$aMuslim children$xDeath.
=650  \0$aDeath$xReligious aspects$xIslam.
=650  \7$aDeath$xReligious aspects$xIslam.$2fast$0(OCoLC)fst00888666
=710  2\$aPrinceton University.$bLibrary.
=730  0\$aArabic Collections Online.
=776  08$iOnline version:$aShahīd al-Thānī, Zayn al-Dīn ibn ʻAlī, 1506-1559.$tMusakkin al-fuʼād ʻinda faqd al-aḥibbah wa-al-awlād.$bal-Ṭabʻah 1.$dQum : Muʼassasat Āl al-Bayt li-Iḥyāʼ al-Turāth, 1407 [1986 or 1987]$w(OCoLC)639351870
=776  08$iPrint version:$aShahīd al-Thānī, Zayn al-Dīn ibn ʻAlī, 1506-1559.$tMusakkin al-fuʼād ʻinda faqd al-aḥibbah wa-al-awlād$w(NjP)460621$w(DLC)   89930190 $w(OCoLC)25688399
=830  \0$6880-07$aSilsilat maṣādir Biḥār al-anwār ;$v2.
=830  \0$6880-08$aMuʼassasat Āl al-Bayt li-Iḥyāʼ al-Turāth (Series) ;$v37.
=856  40$uhttp://hdl.handle.net/2333.1/cnp5j11n 
=880  1\$6100-01$aشهيد الثاني، زين الدين بن علي،$d1506-1559.
=880  10$6245-02$aمسكن الفؤاد عند فقد الاحبة والاولاد /$cتأليف الشهيد الثاني زين الدين علي بن احمد الجبعي العاملي ؛ تحقق مؤسسة آل البيت لااحياء التراث.
=880  \\$6250-03$aالطبعة 1.
=880  \\$6260-04$aقم :$bمؤسسة آل البيت لاحياء التراث،$c1407 [1986 or 1987]
=880  1\$6490-05$aسلسلة مصادر بحار الانوار ؛$v2
=880  1\$6490-06$aمؤسسة آل البيت لاحياء التراث ؛$v37
=880  \0$6830-07$aسلسلة مصادر بحار الانوار ؛$v2.
=880  \0$6830-08$aمؤسسة آل البيت لااحياء التراث (سلسلة( ؛$v37.
=959  \\$aNNU$bWEB$cGENI$t0$mElectronic access$s01
=999  \\$iNjP_460621$o(OCoLC)ocm25688399$sprinceton_aco003943:$e(ERROR-880)$sprinceton_aco003943:

