=LDR  02153nam a2200397Mi 4500
=001  442126
=003  NjP
=006  m\\\\\\\\d\\\\\\\\
=007  cr\cn\|||m|||a
=008  200430s1985\\\\ir\a\\\\o\\\\\000\0\ara\d
=040  \\$aZYU$bara$erda$cZYU
=043  \\$aa-ir---
=050  \4$aHD9715$b.L353 1985
=245  00$6880-01$aLamḥah ʻan Jihād al-Bināʼ /$ciʻdād Qism al-ʻAlāqāt al-Dawlīyah fī Jihād al-Bināʼ.
=250  \\$6880-02$aal-Ṭabʻah 1.
=260  \\$6880-03$a[Tehran] :$bal-Lajnah al-ʻUlyá li-Iḥtifālāt al-Dhikrá al-Sādisah li-Intiṣār al-Thawrah al-Islāmīyah fī Īrān,$c1985.
=300  \\$aonline resource (142 pages) :$bcolor illustrations
=336  \\$atext$2rdacontent
=337  \\$acomputer$2rdamedia
=338  \\$aonline resource$2rdacarrier
=500  \\$aPart of the Arabic Collections Online (ACO) project, contributed by Princeton University Libraries.
=533  \\$aElectronic reproduction.$bNew York, N.Y. :$cNew York University,$d2020.$5NNU
=650  \0$aConstruction industry$xGovernment ownership$zIran.
=650  \7$aConstruction industry$xGovernment ownership.$2fast$0(OCoLC)fst00876036
=651  \7$aIran.$2fast$0(OCoLC)fst01204889
=710  2\$6880-04$aIran.$bJihād al-Bināʼ.$bQism al-ʻAlāqāt al-Dawlīyah.
=710  2\$aPrinceton University.$bLibrary.
=730  0\$aArabic Collections Online.
=776  08$iPrint version:$tLamḥah ʻan Jihād al-Bināʼ$w(NjP)442126$w(OCoLC)25725274
=856  40$uhttp://hdl.handle.net/2333.1/pvmcvqc3 
=880  00$6245-01$aلمحة عن جهاد البناء /$cاعداد قسم العلاقات الدولية في جهاد البناء.
=880  \\$6250-02$aالطبعة 1.
=880  \\$6260-03$a[طهران] :$bاللجنة العليا لاحتفالات الذكرى السادسة لانتصار الثورة الاسلامية في ايران،$c1985.
=880  2\$6710-04$aابران.$bجهاد البناء.$bقسم العلاقات الدولية.
=959  \\$aNNU$bWEB$cGENI$t0$mElectronic access$s01
=999  \\$iNjP_442126$o(OCoLC)ocm25725274$sprinceton_aco003796:$e(ERROR-880)$sprinceton_aco003796:

