=LDR  02407nam a2200481Mi 4500
=001  1649843
=003  NjP
=006  m\\\\\\\\d\\\\\\\\
=007  cr\cn\|||m|||a
=008  200430s1955\\\\ua\abc\\ob\\\\000\0\ara\d
=040  \\$aZYU$bara$erda$cZYU
=043  \\$aa-sy---$ae-fr---
=050  \4$aDS98$b.A96 1955
=100  1\$6880-01$aʻAyyāshī, Ghālib.
=245  13$6880-02$aal-Īḍāḥāt al-siyāsīyah wa-asrār al-intidāb al-Ifransī fī Sūriyā /$cGhālib al-ʻAyyāshī.
=260  \\$6880-03$a[Beirut] :$b[Maṭābiʻ Ashqar Ikhwān],$c[1955]
=300  \\$aonline resource (661 pages) :$billustrations, portraits, color maps (some folded)
=336  \\$atext$2rdacontent
=337  \\$acomputer$2rdamedia
=338  \\$aonline resource$2rdacarrier
=500  \\$aPart of the Arabic Collections Online (ACO) project, contributed by Princeton University Libraries.
=504  \\$aIncludes bibliographical references (page 649).
=533  \\$aElectronic reproduction.$bNew York, N.Y. :$cNew York University,$d2020.$5NNU
=651  \0$aSyria$xHistory$yFrench occupation, 1918-1946.
=651  \0$aSyria$xPolitics and government$y20th century.
=651  \0$aSyria$xForeign relations$zFrance.
=651  \0$aFrance$xForeign relations$zSyria.
=650  \7$aDiplomatic relations.$2fast$0(OCoLC)fst01907412
=650  \7$aPolitics and government$2fast$0(OCoLC)fst01919741
=651  \7$aFrance.$2fast$0(OCoLC)fst01204289
=651  \7$aSyria.$2fast$0(OCoLC)fst01208757
=647  \7$aFrench Occupation of Syria$c(Syria :$d1918-1946)$2fast$0(OCoLC)fst01353135
=648  \7$a1900-1999$2fast
=655  \7$aHistory.$2fast$0(OCoLC)fst01411628
=710  2\$aPrinceton University.$bLibrary.
=730  0\$aArabic Collections Online.
=776  08$iPrint version:$aʻAyyāshī, Ghālib.$tal-Īḍāḥāt al-siyāsīyah wa-asrār al-intidāb al-Ifransī fī Sūriyā$w(NjP)1649843$w(OCoLC)45123585
=856  40$uhttp://hdl.handle.net/2333.1/000008jh 
=880  1\$6100-01$aعياشي، غالب.
=880  12$6245-02$aالايضاحات السياسيه وأسرار الانتداب الإفرنسي في سوريا /$cغالب العياشي.
=880  \\$6260-03$a[بيروت] :$b[مطابع اشقر اخوان]،$c[1955]
=959  \\$aNNU$bWEB$cGENI$t0$mElectronic access$s01
=999  \\$iNjP_1649843$o(OCoLC)ocm45123585$sprinceton_aco004262:$sprinceton_aco004262:

