=LDR  02169nam a2200409Mi 4500
=001  1309945
=003  NjP
=006  m\\\\\\\\d\\\\\\\\
=007  cr\cn\|||m|||a
=008  200430m19539999ua\a\\\\o\\\\\000\0\arard
=040  \\$aZYU$bara$erda$cZYU
=043  \\$af-ua---
=050  \4$aDT95.5.I13$bS13 1953
=100  1\$6880-01$aIbn Saʻīd, ʻAlī ibn Mūsá,$d1213-1286.
=245  13$6880-02$aal-Mughrib fī ḥulá al-Mughrib /$cakmala taʼlīfuhu Ibn Saʻīd al-Andalusī ; qaddama lahu Zakī Muḥammad Ḥasan.
=260  \\$6880-03$a[Cairo] :$bMaṭbaʻat Jāmiʻah Fūʼād al-awwal,$c[1953]-
=300  \\$aonline resource (volumes) :$billustrations
=336  \\$atext$2rdacontent
=337  \\$acomputer$2rdamedia
=338  \\$aonline resource$2rdacarrier
=500  \\$aAt head of title: Kullīyat al-Adāb.
=500  \\$aPart of the Arabic Collections Online (ACO) project, contributed by Princeton University Libraries.
=533  \\$aElectronic reproduction.$bNew York, N.Y. :$cNew York University,$d2020.$5NNU
=651  \0$aEgypt$xHistory$y640-1882.
=651  \7$aEgypt.$2fast$0(OCoLC)fst01208755
=648  \7$a640-1882$2fast
=655  \7$aHistory.$2fast$0(OCoLC)fst01411628
=710  2\$aPrinceton University.$bLibrary.
=730  0\$aArabic Collections Online.
=776  08$iOnline version:$aIbn Saʻīd, ʻAlī ibn Mūsá, 1213-1286.$tMughrib fī ḥulá al-Mughrib.$d[Cairo] : Maṭbaʻat Jāmiʻah Fūʼād al-awwal, [1953-$w(OCoLC)563142570
=776  08$iPrint version:$aIbn Saʻīd, ʻAlī ibn Mūsá, 1213-1286.$tal-Mughrib fī ḥulá al-Mughrib$w(NjP)1309945$w(OCoLC)23501228
=856  40$uhttp://hdl.handle.net/2333.1/hqbzksrv 
=880  1\$6100-01$aابن سعيد، علي بن موسى،$d1213-1286. 
=880  12$6245-02$aالمغرب في حلى المغرب /$cاكمل تأليفه ابن سعيد الاندلسي ؛ قدم له زكي محمد حسن.
=880  \\$6260-03$a[لقاهرة] :$bمطبعة جامعة فؤآد الاول،$c[1953]
=959  \\$aNNU$bWEB$cGENI$t0$mElectronic access$s01
=999  \\$iNjP_1309945$o(OCoLC)ocm23501228$sprinceton_aco002465$e(ERROR-880)$sprinceton_aco002465

