=LDR  01752nam a2200373Mi 4500
=001  2749780
=003  NjP
=006  m\\\\\\\\d\\\\\\\\
=007  cr\cn\|||m|||a
=008  200430s1951\\\\le\\\\\\o\\\\\000\p\ara\d
=040  \\$aZYU$bara$erda$cZYU
=050  \4$aPJ7866.J38$bL38 1951
=100  1\$6880-01$aʻUjaylī, ʻAbd al-Salām,$d1917-2006.
=245  13$6880-02$aal-Layālī wa-al-nujūm :$bmajmūʻah shiʻrīyah /$cʻAbd al-Salām al-ʻUjaylī.
=260  \\$6880-03$aBayrūt, Lubnān :$bDār Majallah al-Adīb,$c1951.
=300  \\$aonline resource (108 pages)
=336  \\$atext$2rdacontent
=337  \\$acomputer$2rdamedia
=338  \\$aonline resource$2rdacarrier
=500  \\$aPoems.
=500  \\$aPart of the Arabic Collections Online (ACO) project, contributed by Princeton University Libraries.
=533  \\$aElectronic reproduction.$bNew York, N.Y. :$cNew York University,$d2020.$5NNU
=650  \0$aArabic poetry$y20th century.
=650  \7$aArabic poetry.$2fast$0(OCoLC)fst00812533
=648  \7$a1900-1999$2fast
=710  2\$aPrinceton University.$bLibrary.
=730  0\$aArabic Collections Online.
=776  08$iPrint version:$aʻUjaylī, ʻAbd al-Salām, 1917-2006.$tal-Layālī wa-al-nujūm$w(NjP)2749780$w(DLC)   93958932 $w(OCoLC)14517188
=856  40$uhttp://hdl.handle.net/2333.1/rfj6qfz6 
=880  1\$6100-01$aعجيلي، عبد السلام،$d1917-2006.
=880  12$6245-02$aالليالي والنجوم :$bمجموعة شعرية /$cعبد السلام العجيلي.
=880  \\$6260-03$aبيروت، لبنان :$bدار مجلة الأديب،$c1951.
=959  \\$aNNU$bWEB$cGENI$t0$mElectronic access$s01
=999  \\$iNjP_2749780$o(OCoLC)ocm14517188$sprinceton_aco002604$sprinceton_aco002604

