=LDR  02243nam a2200409Mi 4500
=001  2758032
=003  NjP
=006  m\\\\\\\\d\\\\\\\\
=007  cr\cn\|||m|||a
=008  200430m19639999iq\\\\\\o\\\\\000\0\araod
=040  \\$aZYU$bara$erda$cZYU
=050  04$aBP161.2$b.A49
=100  1\$6880-01$aAmīn, Aḥmad,$d1886-1954.
=245  13$6880-02$aal-Takāmul fī al-Islām /$cbi-qalam Aḥmad Amīn.
=260  \\$6880-03$aal-Najaf :$bDār al-Nuʻmān,$c1383-[1963 or 4-]
=300  \\$aonline resource (volumes)
=336  \\$atext$2rdacontent
=337  \\$acomputer$2rdamedia
=338  \\$aonline resource$2rdacarrier
=500  \\$aIn Arabic.
=500  \\$aVol. 1: 4th ed., 1966; v. 2-3: 3d ed., 1963 or 4-68; v. 4-5: 2d ed., 1968; v. 6 1967, lacks ed. statement.
=500  \\$aPart of the Arabic Collections Online (ACO) project, contributed by Princeton University Libraries.
=533  \\$aElectronic reproduction.$bNew York, N.Y. :$cNew York University,$d2020.$5NNU
=583  \\$acommitment to retain$c20151204$2pda$5OTUTLD
=650  \0$aIslam.
=650  \7$aIslam.$2fast$0(OCoLC)fst00979776
=710  2\$aPrinceton University.$bLibrary.
=730  0\$aArabic Collections Online.
=776  08$iOnline version:$aAmīn, Aḥmad, 1886-1954.$tTakāmul fī al-Islām.$dal-Najaf : Dār al-Nuʻmān, 1383-[1963 or 4-]$w(OCoLC)555817997
=776  08$iOnline version:$aAmīn, Aḥmad, 1886-1954.$tTakāmul fī al-Islām.$dal-Najaf : Dār al-Nuʻmān, 1383-[1963 or 4-]$w(OCoLC)606360253
=776  08$iPrint version:$aAmīn, Aḥmad, 1886-1954.$tal-Takāmul fī al-Islām$w(NjP)2758032$w(DLC)   78232348 $w(OCoLC)21609352
=856  40$uhttp://hdl.handle.net/2333.1/xd254j5v 
=880  1\$6100-01$aامين، احمد،$d1886-1954.
=880  12$6245-02$aالتكامل في الاسلام /$cبقلم احمد امين.
=880  \\$6260-03$aالنجف :$bدار النعمان، $c1383-[1963 or 4-]
=959  \\$aNNU$bWEB$cGENI$t0$mElectronic access$s01
=999  \\$iNjP_2758032$o(OCoLC)ocm21609352$sprinceton_aco004264:v. 1-2$sprinceton_aco004242:v. 3-4$sprinceton_aco004266:v. 5$sprinceton_aco004265:v. 6$sprinceton_aco004264:v. 1-2$sprinceton_aco004242:v. 3-4$sprinceton_aco004266:v. 5$sprinceton_aco004265:v. 6

