=LDR  02109nam a2200397Mi 4500
=001  2411376
=003  NjP
=006  m\\\\\\\\d\\\\\\\\
=007  cr\cn\|||m|||a
=008  200430s1918\\\\ua\\\\\\o\\\\\000\0\arard
=040  \\$aZYU$bara$erda$cZYU
=050  \4$aDS223$b.D33
=100  1\$6880-01$aDāghir, Asʻad Khalīl.
=245  10$6880-02$aḤaḍārat al-ʻArab :$btārīkhuhum, ʻulūmuhum, ādābuhum, akhlāquhum, ʻādātuhum /$cbi-qalam Asʻad Dāghir, aḥad muḥarrirī jarīdat al-Muqaṭṭm.
=260  \\$6880-03$aMiṣr :$bMaṭbaʻat Hindīyah bi-al-Mūskī bi-Miṣr,$c1336 H, 1918 M.
=300  \\$aonline resource (299 pages)
=336  \\$atext$2rdacontent
=337  \\$acomputer$2rdamedia
=338  \\$aonline resource$2rdacarrier
=500  \\$aPart of the Arabic Collections Online (ACO) project, contributed by Princeton University Libraries.
=533  \\$aElectronic reproduction.$bNew York, N.Y. :$cNew York University,$d2020.$5NNU
=650  \0$aCivilization, Arab.
=650  \0$aArabs$xHistory.
=650  \7$aArabs.$2fast$0(OCoLC)fst00812576
=650  \7$aCivilization, Arab.$2fast$0(OCoLC)fst00862967
=655  \7$aHistory.$2fast$0(OCoLC)fst01411628
=710  2\$aPrinceton University.$bLibrary.
=730  0\$aArabic Collections Online.
=776  08$iOnline version:$aDāghir, Asʻad Khalīl.$tḤaḍārat al-ʻArab.$dCairo, Maṭbaʻat Hindīyah, 1918$w(OCoLC)635698888
=776  08$iPrint version:$aDāghir, Asʻad Khalīl.$tḤaḍārat al-ʻArab$w(NjP)2411376$w(OCoLC)16412265
=856  40$uhttp://hdl.handle.net/2333.1/2jm647dw 
=880  1\$6100-01$aداغر، اسعد خليل. 
=880  10$6245-02$aحضارة العرب :$bتاريخهم، علومهم، آدابهم، اخلاقهم، عاداتهم /$cبقلم اسعد داغر، احد محرري جريدة المقطم.
=880  \\$6260-03$aمصر :$bمطبعة هندية بالموسكي بمصر،$c1336 ه، 1918 م.
=959  \\$aNNU$bWEB$cGENI$t0$mElectronic access$s01
=999  \\$iNjP_2411376$o(OCoLC)ocm16412265$sprinceton_aco004124:$e(ERROR-880)$sprinceton_aco004124:

