=LDR  01870nam a2200385Mi 4500
=001  857978
=003  NjP
=006  m\\\\\\\\d\\\\\\\\
=007  cr\cn\|||m|||a
=008  200430s1969\\\\ir\\\\\\ob\\\\000\0\ara\d
=040  \\$aZYU$bara$erda$cZYU
=041  0\$ager$aara
=050  \4$aCE21$bB5 1969
=100  1\$6880-01$aBīrūnī, Muḥammad ibn Aḥmad,$d973?-1048.
=245  10$6880-02$aSāqiṭāt al-āthār al-bāqiyah ʻan al-qurūn al-khāliyah /$cli-Abī al-Rayḥān al-Bīrūnī.
=260  \\$6880-03$aṬihrān :$bMaktabat al-Jaʻfarī al-Tabrīzī,$c1969.
=300  \\$aonline resource (56 pages)
=336  \\$atext$2rdacontent
=337  \\$acomputer$2rdamedia
=338  \\$aonline resource$2rdacarrier
=500  \\$aCover title.
=500  \\$aPart of the Arabic Collections Online (ACO) project, contributed by Princeton University Libraries.
=504  \\$aIncludes bibliographical references.
=533  \\$aElectronic reproduction.$bNew York, N.Y. :$cNew York University,$d2020.$5NNU
=650  \0$aChronology.
=650  \7$aChronology.$2fast$0(OCoLC)fst00860197
=710  2\$aPrinceton University.$bLibrary.
=730  0\$aArabic Collections Online.
=776  08$iPrint version:$aBīrūnī, Muḥammad ibn Aḥmad, 973?-1048.$tSāqiṭāt al-āthār al-bāqiyah ʻan al-qurūn al-khāliyah$w(NjP)857978$w(OCoLC)29706572
=856  40$uhttp://hdl.handle.net/2333.1/7wm380jj 
=880  1\$6100-01$aبيروني، محمد بن أحمد،$d973?-1048.
=880  10$6245-02$aساقطات الآثار الباقية عن القرون الخالية /$cلأبي الريحان البيروني.
=880  \\$6260-03$aطهران :$bمكتبة الجعفري التبريزي،$c1969.
=959  \\$aNNU$bWEB$cGENI$t0$mElectronic access$s01
=999  \\$iNjP_857978$o(OCoLC)ocm29706572$sprinceton_aco004254:$sprinceton_aco004254:

