=LDR  02413nam a2200469Mi 4500
=001  501091
=003  NjP
=006  m\\\\\\\\d\\\\\\\\
=007  cr\cn\|||m|||a
=008  200430s1986\\\\ir\\\\\\o\\\\\000\0\ara\d
=040  \\$aZYU$bara$erda$cZYU
=043  \\$aa-ir---
=050  \4$aJC49$b.I28 1986
=100  1\$6880-01$aIbrāhīm, ʻIzz al-Dīn.
=245  10$6880-02$aMawqif ʻulamāʼ al-Muslimīn min al-Shīʻah wa-al-thawrah al-Islāmīyah /$ctaʼlīf ʻIzz al-Dīn Ibrāhīm.
=250  \\$6880-03$aal-Ṭabʻah 2.
=260  \\$6880-04$aṬihrān, al-Jumhūrīyah al-Islāmīyah fī Īrān :$bMuʻāwanīyat al-ʻAlāqāt al-Dawlīyah fī Munaẓẓamat al-Iʻlām al-Islāmī,$c1986.
=300  \\$aonline resource (64 pages)
=336  \\$atext$2rdacontent
=337  \\$acomputer$2rdamedia
=338  \\$aonline resource$2rdacarrier
=500  \\$aPart of the Arabic Collections Online (ACO) project, contributed by Princeton University Libraries.
=533  \\$aElectronic reproduction.$bNew York, N.Y. :$cNew York University,$d2020.$5NNU
=650  \0$aIslam and state.
=651  \0$aIran$xHistory$yRevolution, 1979.
=650  \0$aIslam$y20th century.
=611  27$aRevolution (Iran : 1979)$2fast$0(OCoLC)fst01354530
=650  \7$aIslam.$2fast$0(OCoLC)fst00979776
=650  \7$aIslam and state.$2fast$0(OCoLC)fst00979890
=651  \7$aIran.$2fast$0(OCoLC)fst01204889
=648  \7$a1900-1999$2fast
=655  \7$aHistory.$2fast$0(OCoLC)fst01411628
=710  2\$aPrinceton University.$bLibrary.
=730  0\$aArabic Collections Online.
=776  08$iPrint version:$aIbrāhīm, ʻIzz al-Dīn.$tMawqif ʻulamāʼ al-Muslimīn min al-Shīʻah wa-al-thawrah al-Islāmīyah$w(NjP)501091$w(OCoLC)26601068
=856  40$uhttp://hdl.handle.net/2333.1/c59zwddc 
=880  1\$6100-01$aابراهيم، عز الدين.
=880  10$6245-02$aموقف علماء المسلمين من الشيعة والثورة الاسلامية /$cتأليف عز الدين ابراهيم.
=880  \\$6250-03$aالطبعة 2.
=880  \\$6260-04$aطهران، الجمهورية الاسلامية في ايران :$bمعاونية العلاقات الدولية في منظمة الاعلام الاسلامي،$c1986.
=959  \\$aNNU$bWEB$cGENI$t0$mElectronic access$s01
=999  \\$iNjP_501091$o(OCoLC)ocm26601068$sprinceton_aco003262$e(ERROR-880)$sprinceton_aco003262

