=LDR  02735nam a2200505Mi 4500
=001  2768821
=003  NjP
=006  m\\\\\\\\d\\\\\\\\
=007  cr\cn\|||m|||a
=008  200430s1898\\\\ua\\\\\\o\\\\\000\0\ara\d
=040  \\$aZYU$bara$erda$cZYU
=090  \\$aPN6154.3$b.I2
=100  1\$6880-01$aIbn ʻAbd Rabbih, Aḥmad ibn Muḥammad,$d860-940.
=245  14$6880-02$aal-ʻIqd al-farīd.
=260  \\$6880-03$a[Cairo] :$bBūlāq,$c1898.
=300  \\$aonline resource (3 volumes)
=336  \\$atext$2rdacontent
=337  \\$acomputer$2rdamedia
=338  \\$aonline resource$2rdacarrier
=500  \\$aTitle-page and text in Arabic.
=500  \\$aPart of the Arabic Collections Online (ACO) project, contributed by Princeton University Libraries.
=501  \\$aZahr-al-Adāb wa-Thamar-al-Albāb, by Abu Isḥāq Ibrāhīm ibn-ʻAlī al-Ḥuṣri, contained in margins.
=533  \\$aElectronic reproduction.$bNew York, N.Y. :$cNew York University,$d2020.$5NNU
=650  \0$aArabic wit and humor.
=650  \0$aArabic literature$xHistory and criticism$vEarly works to 1800.
=650  \0$aIslamic literature, Arabic$xHistory and criticism$vEarly works to 1800.
=650  \7$aArabic literature.$2fast$0(OCoLC)fst00812478
=650  \7$aArabic wit and humor.$2fast$0(OCoLC)fst00812556
=650  \7$aIslamic literature, Arabic.$2fast$0(OCoLC)fst00979977
=655  \7$aCriticism, interpretation, etc.$2fast$0(OCoLC)fst01411635
=655  \7$aEarly works.$2fast$0(OCoLC)fst01411636
=700  12$6880-04$aḤuṣrī, Ibrāhīm ibn ʻAlī,$d-1022.$tZahr al-ādāb wa-thamar al-albāb.
=710  2\$aPrinceton University.$bLibrary.
=730  0\$aArabic Collections Online.
=740  0\$6880-05$aZahr al-ādāb wa-thamar al-albāb.
=776  08$iOnline version:$aIbn ʻAbd Rabbih, Aḥmad ibn Muḥammad, 860-940.$tIqd al-farīd.$d[Cairo] : Būlāq, 1898$w(OCoLC)798043548
=776  08$iPrint version:$aIbn ʻAbd Rabbih, Aḥmad ibn Muḥammad, 860-940.$tal-ʻIqd al-farīd$w(NjP)2768821$w(OCoLC)31164244
=856  40$uhttp://hdl.handle.net/2333.1/r7sqvmh5 
=880  1\$6100-01$aابن عبد ربه، أحمد بن محمد،$d940-860.
=880  12$6245-02$aالعقد الفريد.
=880  \\$6260-03$a[القاهرة] :$bبولاق،$c1898.
=880  12$6700-04$aحصري، ابراهيم بن علي،$d1022 .d.$tزهر الآداب وثمر الألباب.
=880  0\$6740-05$aزهر الآداب وثمر الألباب.
=959  \\$aNNU$bWEB$cGENI$t0$mElectronic access$s01
=999  \\$iNjP_2768821$o(OCoLC)ocm31164244$sprinceton_aco004358:v.1$sprinceton_aco004359:v.2$sprinceton_aco004360:v.3$e(ERROR-880)$sprinceton_aco004358:v.1$sprinceton_aco004359:v.2$sprinceton_aco004360:v.3

