=LDR  03239nam a2200553Mi 4500
=001  344182
=003  NjP
=006  m\\\\\\\\d\\\\\\\\
=007  cr\cn\|||m|||a
=008  200430s1925\\\\ua\a\\\\o\\\\\000\0\arard
=040  \\$aZYU$bara$erda$cZYU
=043  \\$af-ua---$aaw-----
=050  \4$aDS62.2$bS24 1930
=245  00$6880-01$aṢafwat tārīkh Miṣr wa-al-duwal al-ʻArabīyah :$bal-juzʼ al-thānī /$ctaʼlīf al-Mayjur Savdaj, Salīm Ḥasan Afandī, Al-shaykh Aḥmad Al-iskandarī, ʻumar Al-iskandarī Afandī.
=250  \\$6880-02$aal-Ṭabʻah al-thālithat ʻashar.
=264  \1$6880-03$aMiṣr :$bYuṭlab min Maṭbaʻat al-Maʻārif wa- maktabat-hā bi-Miṣr li-mūʼsis-hā Najīb Mitrī ,$c1930M = 1349H.
=300  \\$aonline resource (138 pages) :$billustrations
=336  \\$atext$2rdacontent
=337  \\$acomputer$2rdamedia
=338  \\$aonline resource$2rdacarrier
=500  \\$6880-04$a"Ḥuqūq al-ṭabʻ maḥfūẓah lil-mūʼlfīn"--title page.
=500  \\$6880-05$a"Qararat wizārat al-maʻārif al-ʻumūmīah tadrīs hadhā al-kitāb bi-madāris-hā al-ibtidāʼiyah"--title page.
=500  \\$aPart of the Arabic Collections Online (ACO) project, contributed by Princeton University Libraries.
=533  \\$aElectronic reproduction.$bNew York, N.Y. :$cNew York University,$d2020.$5NNU
=651  \0$aEgypt$xHistory$yTo 622.
=651  \0$aMiddle East$xHistory$yTo 622.
=651  \7$aEgypt.$2fast$0(OCoLC)fst01208755
=651  \7$aMiddle East.$2fast$0(OCoLC)fst01241586
=648  \7$aTo 622$2fast
=655  \7$aHistory.$2fast$0(OCoLC)fst01411628
=700  1\$6880-06$aSavdaj, al-Mayjur,$eauthor.
=700  1\$6880-07$aAfandī, Salīm Ḥasan,$eauthor.
=700  1\$6880-08$aAl-iskandarī, Al-shaykh Aḥmad,$eauthor.
=700  1\$6880-09$aAfandī, ʻumar Al-iskandarī,$eauthor.
=710  2\$aPrinceton University.$bLibrary.
=730  0\$aArabic Collections Online.
=776  08$iPrint version:$tṢafwat tārīkh Miṣr wa-al-duwal al-ʻArabīyah$w(NjP)344182$w(OCoLC)27401888
=856  40$uhttp://hdl.handle.net/2333.1/tx95xh2j 
=880  00$6245-01$aصفوة تاريخ مصر والدول العربية :$bالجزء الثاني /$cتأليف الميجر سڤدج، سليم حسن افندي، الشيخ احمد الاسكندري، عمر الاسكندري افندي.
=880  \\$6250-02$aالطبعة الثالثة عشر.
=880  \1$6264-03$aمصر :$bيطلب من مطبعة المعارف و مكتبتها بمصر لمؤسسها نجيب متري ،$c1930M = 1349H.
=880  \\$6500-04$a"حقوق الطبع محفوظة للموءلفين"--title page.
=880  \\$6500-05$a"قررة وزارة المعارف العمومية تدريس هذا الكتاب بمدارسها الابتدائيه"--title page.
=880  1\$6700-06$aسڤدج، الميجر.
=880  1\$6700-07$aافندي، سليم حسن.
=880  1\$6700-08$aالاسكندري، الشيخ احمد.
=880  1\$6700-09$aافندي، عمر الاسكندري.
=959  \\$aNNU$bWEB$cGENI$t0$mElectronic access$s01
=999  \\$iNjP_344182$o(OCoLC)ocm27401888$sprinceton_aco004074:vol.1$e(ERROR-880)$sprinceton_aco004074:vol.1

