=LDR  01906nam a2200373Mi 4500
=001  6577773
=003  NjP
=006  m\\\\\\\\d\\\\\\\\
=007  cr\cn\|||m|||a
=008  200430s1971\\\\ir\\\\\\o\\\\\000\0\ara\d
=040  \\$aZYU$bara$erda$cZYU
=050  14$aBP193$b.B36 1971
=100  1\$6880-01$aBajastanī, Ḥusayn.
=245  10$6880-02$aSabāʼik al-dhahab fī bayān ḥaqīqat al-madhhab :$bbā tarjamah-ʼi Fārsī /$ctaʼlīf, Ḥusayn Bajastānī.
=260  \\$6880-03$aTihrān :$b[publisher not identified],$c1350 [1971 or 1972]
=300  \\$aonline resource (13, 567 pages)
=336  \\$atext$2rdacontent
=337  \\$acomputer$2rdamedia
=338  \\$aonline resource$2rdacarrier
=500  \\$aIn Arabic with Persian translation.
=500  \\$aPart of the Arabic Collections Online (ACO) project, contributed by Princeton University Libraries.
=533  \\$aElectronic reproduction.$bNew York, N.Y. :$cNew York University,$d2020.$5NNU
=650  \0$aShiites.
=650  \7$aShiites.$2fast$0(OCoLC)fst01115976
=710  2\$aPrinceton University.$bLibrary.
=730  0\$aArabic Collections Online.
=776  08$iOnline version:$aBajastanī, Ḥusayn.$tSabāʼik al-dhahab fī bayān ḥaqīqat al-madhhab.$dTihrān : [s.n.], 1350 [1971 or 1972]$w(OCoLC)608089301
=776  08$iPrint version:$aBajastanī, Ḥusayn.$tSabāʼik al-dhahab fī bayān ḥaqīqat al-madhhab$w(NjP)6577773$w(OCoLC)244044515
=856  40$uhttp://hdl.handle.net/2333.1/jsxksxqw 
=880  0\$6100-01$aحسين بجستانى.
=880  10$6245-02$aسبائك الذهب في بيان حقيقة المذهب :$bبا ترجمۀ فارسى /$cتأليف حسين بحستانى.
=880  \\$6260-03$a[Tehran] :$b[s.n.]،$c٠٥٣١ [1971 or 1972]
=959  \\$aNNU$bWEB$cGENI$t0$mElectronic access$s01
=999  \\$iNjP_6577773$o(OCoLC)ocn244044515$sprinceton_aco004259:$sprinceton_aco004259:

