=LDR  02651nam a2200493Mi 4500
=001  480772
=003  NjP
=006  m\\\\\\\\d\\\\\\\\
=007  cr\cn\|||m|||a
=008  200430s1987\\\\ir\a\\\\ob\\\\000\0\ara\d
=040  \\$aZYU$bara$erda$cZYU
=050  \4$aBP194.1$b.H877 1987
=100  1\$6880-01$aḤurr al-ʻĀmilī, Muḥammad ibn al-Ḥasan,$d1624-1693.
=245  10$6880-02$aRisālat al-Ithná ʻAsharīyah fī al-radd ʻalá al-Ṣūfīyah /$cli-muʼallifihi al-Ḥurr al-ʻĀmilī.
=246  14$6880-03$aIthná ʻAsharīyah fī al-radd ʻalá al-Ṣūfīyah
=246  3\$6880-04$aRisālat al-Ithnay ʻAsharīyah fī al-radd ʻalá al-Ṣūfīyah
=250  \\$6880-05$aal-Ṭabʻah 2.
=260  \\$6880-06$a[Iran] :$bDarūdī,$c1408 [1987 or 1988]
=300  \\$aonline resource (4, 208 pages) :$billustrations
=336  \\$atext$2rdacontent
=337  \\$acomputer$2rdamedia
=338  \\$aonline resource$2rdacarrier
=500  \\$aPart of the Arabic Collections Online (ACO) project, contributed by Princeton University Libraries.
=504  \\$aIncludes bibliographical references (pages 205-208).
=533  \\$aElectronic reproduction.$bNew York, N.Y. :$cNew York University,$d2020.$5NNU
=650  \0$aShīʻah$vApologetic works$vEarly works to 1800.
=650  \0$aSufism$vControversial literature$vEarly works to 1800.
=650  \7$aShīʻah.$2fast$0(OCoLC)fst01117946
=650  \7$aSufism.$2fast$0(OCoLC)fst01137257
=655  \7$aApologetic writings.$2fast$0(OCoLC)fst01423698
=655  \7$aControversial literature.$2fast$0(OCoLC)fst01423907
=655  \7$aEarly works.$2fast$0(OCoLC)fst01411636
=710  2\$aPrinceton University.$bLibrary.
=730  0\$aArabic Collections Online.
=776  08$iPrint version:$aḤurr al-ʻĀmilī, Muḥammad ibn al-Ḥasan, 1624-1693.$tRisālat al-Ithná ʻAsharīyah fī al-radd ʻalá al-Ṣūfīyah$w(NjP)480772$w(OCoLC)26476484
=856  40$uhttp://hdl.handle.net/2333.1/b8gtj3xj 
=880  1\$6100-01$aحر العاملي، محمد بن الحسن،$d1624-1693.
=880  10$6245-02$aرسالة الاثنى عشرية في الرد على الصوفية /$cلمؤلفه الحر العاملي.
=880  14$6246-03$aاثنى عشرية في الرد على الصوفية
=880  3\$6246-04$aرسالة الاثني عشرية في الرد على الصوفية
=880  \\$6250-05$aالطبعة ٢.
=880  \\$6260-06$a[Iran] :$bدرودي،$c١٤٠٨ [1987 or 1988]
=959  \\$aNNU$bWEB$cGENI$t0$mElectronic access$s01
=999  \\$iNjP_480772$o(OCoLC)ocm26476484$sprinceton_aco003506:$e(ERROR-880)$sprinceton_aco003506:

