=LDR  01845nam a2200421Mi 4500
=001  505541
=003  NjP
=006  m\\\\\\\\d\\\\\\\\
=007  cr\cn\|||m|||a
=008  200430s1955\\\\ua\\\\\\ob\\\\000\0baraod
=040  \\$aZYU$bara$erda$cZYU
=043  \\$af-ua---
=050  \4$aDT98.5$b.R35 1955
=100  1\$6880-01$aRamaḍān, Muḥammad Rifʻat.
=245  10$6880-02$aʻAlī Bak al-Kabīr /$ctaʼlīf Muḥammad Rifʻat Ramaḍān.
=260  \\$6880-03$a[Cairo] :$bDār al-Fikr al-ʻArabī,$c[1955]
=300  \\$aonline resource (286 pages)
=336  \\$atext$2rdacontent
=337  \\$acomputer$2rdamedia
=338  \\$aonline resource$2rdacarrier
=500  \\$aPart of the Arabic Collections Online (ACO) project, contributed by Princeton University Libraries.
=504  \\$aIncludes bibliographical references.
=533  \\$aElectronic reproduction.$bNew York, N.Y. :$cNew York University,$d2020.$5NNU
=600  00$aʻAlī Bey,$d1728-1773.
=651  \0$aEgypt$xHistory$y1517-1882.
=600  07$aʻAlī Bey,$d1728-1773$2fast$0(OCoLC)fst00136965
=651  \7$aEgypt.$2fast$0(OCoLC)fst01208755
=648  \7$a1517-1882$2fast
=655  \7$aHistory.$2fast$0(OCoLC)fst01411628
=710  2\$aPrinceton University.$bLibrary.
=730  0\$aArabic Collections Online.
=776  08$iPrint version:$aRamaḍān, Muḥammad Rifʻat.$tʻAlī Bak al-Kabīr$w(NjP)505541$w(OCoLC)22321867
=856  40$uhttp://hdl.handle.net/2333.1/8pk0pcbj 
=880  1\$6100-01$aرمضان، محمد رفعت.
=880  10$6245-02$aعلي بك الكبير /$cتأليف محمد رفعت رمضان.
=880  \\$6260-03$a[القاهرة] :$bدار الفكر العربي،$c[1955]
=959  \\$aNNU$bWEB$cGENI$t0$mElectronic access$s01
=999  \\$iNjP_505541$o(OCoLC)ocm22321867$sprinceton_aco004073:$e(ERROR-880)$sprinceton_aco004073:

