=LDR  01861nam a2200421Mi 4500
=001  453868
=003  NjP
=006  m\\\\\\\\d\\\\\\\\
=007  cr\cn\|||m|||a
=008  200430s1952\\\\xx\\\\\\o\\\\\000\0\ara\d
=040  \\$aZYU$bara$erda$cZYU
=050  \4$aPJ7842$b.K2 L18
=100  1\$6880-01$aKaram, Karam Mulḥim,$d1903-$eauthor.
=245  13$6880-02$aal-Laḥn al-sharūd /$cKaram Mulḥim Karam.
=264  \1$6880-03$aMiṣr :$bDār al-Maʻārif,$c1952.
=300  \\$aonline resource (122 pages)
=336  \\$atext$2rdacontent
=337  \\$acomputer$2rdamedia
=338  \\$aonline resource$2rdacarrier
=490  1\$6880-04$aIqraʼ ;$v116
=500  \\$aPart of the Arabic Collections Online (ACO) project, contributed by Princeton University Libraries.
=533  \\$aElectronic reproduction.$bNew York, N.Y. :$cNew York University,$d2020.$5NNU
=650  \0$aArabic fiction$y20th century.
=650  \7$aArabic fiction.$2fast$0(OCoLC)fst00812274
=648  \7$a1900-1999$2fast
=710  2\$aPrinceton University.$bLibrary.
=730  0\$aArabic Collections Online.
=776  08$iOnline version:$aKaram, Karam Mulḥim, 1903-$tLaḥn al-sharūd.$d[1952]$w(OCoLC)581477196
=776  08$iPrint version:$aKaram, Karam Mulḥim, 1903- author.$tal-Laḥn al-sharūd$w(NjP)453868$w(OCoLC)23507228
=830  \0$6880-05$aIqraʼ (Cairo, Egypt) ;$v116.
=856  40$uhttp://hdl.handle.net/2333.1/j9kd5b20 
=880  1\$6100-01$aكرم، كرم ملحم،$d1903.-
=880  12$6245-02$aاللحن الشرود /$cكرم ملحم كرم.
=880  \1$6264-03$aمصر :$bدار المعارف،$c1952.
=880  1\$6490-04$aاقرأ ؛$v116
=880  \0$6830-05$aاقرأ (القاهرة، مصر) ؛$v116.
=959  \\$aNNU$bWEB$cGENI$t0$mElectronic access$s01
=999  \\$iNjP_453868$o(OCoLC)ocm23507228$sprinceton_aco004297:$sprinceton_aco004297:

