=LDR  01767nam a2200361Mi 4500
=001  1112578
=003  NjP
=006  m\\\\\\\\d\\\\\\\\
=007  cr\cn\|||m|||a
=008  200430s1852\\\\ua\\\\\\o\\\\\000\0\ara\d
=040  \\$aZYU$bara$erda$cZYU
=050  14$aBP188.13$b.K858 1852
=100  1\$6880-01$aKumushkhānawī, Aḥmad ibn Muṣṭafá,$d1812 or 1813-1893 or 1894.
=245  10$6880-02$aNajāt al-ghāfilīn /$c[Aḥmad Ḍiyāʼ al-Dīn ibn Muṣṭafá].
=260  \\$6880-03$a[Cairo] :$bDār al-Ṭibāʻah al-ʻĀmirah,$c1268 [1852]
=300  \\$aonline resource (43 pages)
=336  \\$atext$2rdacontent
=337  \\$acomputer$2rdamedia
=338  \\$aonline resource$2rdacarrier
=500  \\$aCaption title.
=500  \\$aPart of the Arabic Collections Online (ACO) project, contributed by Princeton University Libraries.
=533  \\$aElectronic reproduction.$bNew York, N.Y. :$cNew York University,$d2020.$5NNU
=650  \0$aSin$xIslam.
=650  \7$aSin$xIslam.$2fast$0(OCoLC)fst01119202
=710  2\$aPrinceton University.$bLibrary.
=730  0\$aArabic Collections Online.
=776  08$iPrint version:$aKumushkhānawī, Aḥmad ibn Muṣṭafá, 1812 or 1813-1893 or 1894.$tNajāt al-ghāfilīn$w(NjP)1112578$w(OCoLC)36356739
=856  40$uhttp://hdl.handle.net/2333.1/cz8w9s7q 
=880  1\$6100-01$aكمشخانوي، احمد بن مصطفى،$d1812 or 1813-1893 or 1894.
=880  10$6245-02$aنجاة الغافلين /$c[احمد ضياء الدين بن مصطفى].
=880  \\$6260-03$a[القاهرة] :$bدار الطباعة العامرة،$c1268 [1852]
=959  \\$aNNU$bWEB$cGENI$t0$mElectronic access$s01
=999  \\$iNjP_1112578$o(OCoLC)ocm36356739$sprinceton_aco002999$e(ERROR-880)$sprinceton_aco002999

