=LDR  01712nam a2200385Mi 4500
=001  2788025
=003  NjP
=006  m\\\\\\\\d\\\\\\\\
=007  cr\cn\|||m|||a
=008  200430s194u\\\\ua\a\\\\o\\\\\000\0\ara\d
=040  \\$aZYU$bara$erda$cZYU
=043  \\$af-ua---
=050  \4$aDT48$b.K43 1940
=100  1\$6880-01$aKhānkī, ʻAzīz.
=245  10$6880-02$aShadharāt fī al-adab wa-al-lughah wa-al-tārīkh /$cʻAzīz Khānkī.
=260  \\$6880-03$a[Cairo] :$bal-Maṭbaʻah al-ʻAṣrīyah,$c[194-?]
=300  \\$aonline resource (115 pages) :$billustrations
=336  \\$atext$2rdacontent
=337  \\$acomputer$2rdamedia
=338  \\$aonline resource$2rdacarrier
=500  \\$aPart of the Arabic Collections Online (ACO) project, contributed by Princeton University Libraries.
=533  \\$aElectronic reproduction.$bNew York, N.Y. :$cNew York University,$d2020.$5NNU
=546  \\$aIn Arabic.
=651  \0$aEgypt$xMiscellanea.
=651  \7$aEgypt.$2fast$0(OCoLC)fst01208755
=655  \7$aTrivia and miscellanea.$2fast$0(OCoLC)fst01921748
=710  2\$aPrinceton University.$bLibrary.
=730  0\$aArabic Collections Online.
=776  08$iPrint version:$aKhānkī, ʻAzīz.$tShadharāt fī al-adab wa-al-lughah wa-al-tārīkh$w(NjP)2788025$w(OCoLC)42865657
=856  40$uhttp://hdl.handle.net/2333.1/41ns2281 
=880  1\$6100-01$aخانكي، عزيز.
=880  10$6245-02$aشذرات في الادب واللغة والتاريخ /$cعزيز خانكي.
=880  \\$6260-03$a[Cairo] :$bالمطبعة العصرية،$c[194-?]
=959  \\$aNNU$bWEB$cGENI$t0$mElectronic access$s01
=999  \\$iNjP_2788025$o(OCoLC)ocm42865657$sprinceton_aco002320$sprinceton_aco002320

