=LDR  02630nam a2200457Mi 4500
=001  456688
=003  NjP
=006  m\\\\\\\\d\\\\\\\\
=007  cr\cn\|||m|||a
=008  200430s1981\\\\ir\\\\\\ob\\\f001\0barar\
=040  \\$aZYU$bara$erda$cZYU
=050  00$aBP193.16.A3$bB36 1981
=100  1\$6880-01$aBaqqāl, ʻAbd al-Ḥusayn Muḥammad ʻAlī.
=245  10$6880-02$aDawr al-Ṣādiq fī imāmat al-Islām wa-al-Muslimīn /$cʻAbd al-Ḥusayn Muḥammad ʻAlī Baqqāl.
=250  \\$6880-03$aal-Ṭabʻah 1.
=260  \\$6880-04$a[Teheran?] :$bWizārat al-Irshād al-Islāmī, al-Jumhūrīyah al-Islāmīyah fī Īrān,$c1981.
=300  \\$aonline resource (101 pages)
=336  \\$atext$2rdacontent
=337  \\$acomputer$2rdamedia
=338  \\$aonline resource$2rdacarrier
=500  \\$aPart of the Arabic Collections Online (ACO) project, contributed by Princeton University Libraries.
=504  \\$aIncludes bibliographical references and indexes.
=533  \\$aElectronic reproduction.$bNew York, N.Y. :$cNew York University,$d2020.$5NNU
=600  00$aJaʻfar al-Ṣādiq,$d702?-765 or 766.
=650  \0$aImams (Shiites)$vBiography.
=650  \0$aMuslims$vBiography.
=600  07$aJaʻfar al-Ṣādiq,$d702?-765 or 766.$2fast$0(OCoLC)fst01826713
=650  \7$aImams (Shiites)$2fast$0(OCoLC)fst00967650
=650  \7$aMuslims.$2fast$0(OCoLC)fst01031029
=655  \7$aBiographies.$2fast$0(OCoLC)fst01919896
=710  2\$aPrinceton University.$bLibrary.
=730  0\$aArabic Collections Online.
=776  08$iOnline version:$aBaqqāl, ʻAbd al-Ḥusayn Muḥammad ʻAlī$tDawr al-Ṣādiq fī imāmat al-Islām wa-al-Muslimīn.$bal-Ṭabʻah 1.$d[Teheran?] : Wizārat al-Irshād al-Islāmī, al-Jumhūrīyah al-Islāmīyah fī Īrān, 1981$w(OCoLC)993746611
=776  08$iPrint version:$aBaqqāl, ʻAbd al-Ḥusayn Muḥammad ʻAlī.$tDawr al-Ṣādiq fī imāmat al-Islām wa-al-Muslimīn$w(NjP)456688$w(DLC)   84155815 $w(OCoLC)11234348
=856  40$uhttp://hdl.handle.net/2333.1/0zpc8gw2 
=880  1\$6100-01$aبقال، عبد الحسين محمد علي.
=880  10$6245-02$aدور الصادق في امامة الاسلام والمسلمين /$cعبد الحسين محمد علي بقال.
=880  \\$6250-03$aالطبعة 1.
=880  \\$6260-04$a[طهران؟] :$bوزارة الارشاد الاسلامي، الجمهورية الاسلامية في ايران،$c1981.
=959  \\$aNNU$bWEB$cGENI$t0$mElectronic access$s01
=999  \\$iNjP_456688$o(OCoLC)ocm11234348$sprinceton_aco003041:v.2-3$e(ERROR-880)$sprinceton_aco003041:v.2-3

