=LDR  02372nam a2200409Mi 4500
=001  1128736
=003  NjP
=006  m\\\\\\\\d\\\\\\\\
=007  cr\cn\|||m|||a
=008  200430s1989\\\\ir\\\\\\ob\\\\000\0\ara\d
=040  \\$aZYU$bara$erda$cZYU
=050  \4$aBP178$b.M872 1989
=100  1\$6880-01$aMūsawī, Abū al-Ḥasan.
=245  13$6880-02$aal-Najm al-zāhir fī ṣalāt al-musāfir :$bmin taqrīrāt baḥth sayyidinā al-ustādh faqīh ʻaṣrihi wa-farīd dahrihi al-marjiʻ al-aʻlá Āyat Allāh al-ʻUẓmá al-Sayyid Muḥammad al-Ḥujjah al-Kūhkamarī /$ctaʼlīf Abū al-Ḥasan al-Mūsawī "Mawlānā" al-Tabrīzī.
=250  \\$6880-03$aChāp-i 1.
=260  \\$6880-04$aTabrīz :$bSāzmān-i Chāp-i Hādī,$c1368 [1989 or 1990]
=300  \\$aonline resource (118 pages)
=336  \\$atext$2rdacontent
=337  \\$acomputer$2rdamedia
=338  \\$aonline resource$2rdacarrier
=500  \\$aPart of the Arabic Collections Online (ACO) project, contributed by Princeton University Libraries.
=504  \\$aIncludes bibliographical references.
=533  \\$aElectronic reproduction.$bNew York, N.Y. :$cNew York University,$d2020.$5NNU
=650  \0$aPrayer$xIslam.
=650  \0$aTravel$xReligious aspects$xIslam.
=650  \7$aPrayer$xIslam.$2fast$0(OCoLC)fst01074698
=650  \7$aTravel$xReligious aspects$xIslam.$2fast$0(OCoLC)fst01155589
=710  2\$aPrinceton University.$bLibrary.
=730  0\$aArabic Collections Online.
=776  08$iPrint version:$aMūsawī, Abū al-Ḥasan.$tal-Najm al-zāhir fī ṣalāt al-musāfir$w(NjP)1128736$w(OCoLC)36690002
=856  40$uhttp://hdl.handle.net/2333.1/rr4xh75n 
=880  1\$6100-01$aموسوي، ابو الحسن.
=880  12$6245-02$aالنجم الزاهر في صلاة المسافر :$bمن تقريرات بحث سيدنا الاستاذ فقيه عصره وفريد دهره المرجع الاعلى آية الله العظمى السيد محمد الحجة الكوهكمري /$cتأليف ابو الحسن الموسوي "مولانا" التبريزي.
=880  \\$6250-03$aچاپ 1.
=880  \\$6260-04$aتبرىز :$bسازمان چاپ هادى،$c1368 [1989 or 1990]
=959  \\$aNNU$bWEB$cGENI$t0$mElectronic access$s01
=999  \\$iNjP_1128736$o(OCoLC)ocm36690002$sprinceton_aco003109$e(ERROR-880)$sprinceton_aco003109

