=LDR  01873nam a2200397Mi 4500
=001  459186
=003  NjP
=006  m\\\\\\\\d\\\\\\\\
=007  cr\cn\|||m|||a
=008  200430s1985\\\\ir\\\\\\ob\\\\000\0\arard
=040  \\$aZYU$bara$erda$cZYU
=050  \4$aBP130.4$b.S515 1985
=082  04$a297.122$220
=100  1\$6880-01$aShaltūt, Maḥmūd.
=245  10$6880-02$aIlá al-Qurʼān al-karīm /$cli-Maḥmud Shaltūt.
=260  \\$6880-03$aTihrān :$bMuʻāwinīyat al-Riʼāsah lil-ʻAlāqāt al-Duwalīyah fī Munaẓẓimat al-Iʻlām al-Islāmī,$c1985.
=300  \\$aonline resource (182 pages)
=336  \\$atext$2rdacontent
=337  \\$acomputer$2rdamedia
=338  \\$aonline resource$2rdacarrier
=500  \\$aPart of the Arabic Collections Online (ACO) project, contributed by Princeton University Libraries.
=504  \\$aIncludes bibliographical references.
=533  \\$aElectronic reproduction.$bNew York, N.Y. :$cNew York University,$d2020.$5NNU
=630  00$6880-04$aQurʼan$vCommentaries.
=630  07$aQurʼan.$2fast$0(OCoLC)fst01842877
=655  \7$aCommentaries.$2fast$0(OCoLC)fst01423723
=710  2\$aPrinceton University.$bLibrary.
=730  0\$aArabic Collections Online.
=776  08$iPrint version:$aShaltūt, Maḥmūd.$tIlá al-Qurʼān al-karīm$w(NjP)459186$w(DLC)   86932367 $w(OCoLC)17544181
=856  40$uhttp://hdl.handle.net/2333.1/sqv9sfb4 
=880  1\$6100-01$aشلتوت، محمود.
=880  10$6245-02$aالى القرآن الكريم /$cلمحمد شلتوت.
=880  \\$6260-03$aطهران :$bمعاونية الرئاسة للعلاقات الدولية في منظمة الاعلام الاسلامي،$c1985.
=880  04$6630-04$aقرأن.
=959  \\$aNNU$bWEB$cGENI$t0$mElectronic access$s01
=999  \\$iNjP_459186$o(OCoLC)ocm17544181$sprinceton_aco002738$sprinceton_aco002738

