=LDR  02066nam a2200409Mi 4500
=001  445948
=003  NjP
=006  m\\\\\\\\d\\\\\\\\
=007  cr\cn\|||m|||a
=008  200430s1985\\\\ir\\\\\\ob\\\\000\0\ara\d
=040  \\$aZYU$bara$erda$cZYU
=050  \4$aBJ1292S3$bA45 1985
=100  1\$6880-01$aKūzah Kinānī, Aḥmad ibn ʻAbd Allāh.
=245  10$6880-02$aĪqāẓ al-ʻulamāʼ wa-tanbīh al-umarāʼ /$cAḥmad ibn ʻAbd Allāh al-Kūzah Kinānī.
=250  \\$6880-03$aal-Ṭabʻah 2.
=260  \\$6880-04$a[Iran] :$bMarkaz al-Nashr, Maktab al-Iʻlām al-Islāmī,$c1406 [1985 or 1986]
=300  \\$aonline resource (230 pages)
=336  \\$atext$2rdacontent
=337  \\$acomputer$2rdamedia
=338  \\$aonline resource$2rdacarrier
=500  \\$aPart of the Arabic Collections Online (ACO) project, contributed by Princeton University Libraries.
=504  \\$aIncludes bibliographical references (page 231).
=533  \\$aElectronic reproduction.$bNew York, N.Y. :$cNew York University,$d2020.$5NNU
=650  \0$aLeadership$xReligious aspects$xIslam.
=650  \0$aUlama.
=650  \7$aLeadership$xReligious aspects$xIslam.$2fast$0(OCoLC)fst00994721
=650  \7$aUlama.$2fast$0(OCoLC)fst01160605
=710  2\$aPrinceton University.$bLibrary.
=730  0\$aArabic Collections Online.
=776  08$iPrint version:$aKūzah Kinānī, Aḥmad ibn ʻAbd Allāh.$tĪqāẓ al-ʻulamāʼ wa-tanbīh al-umarāʼ$w(NjP)445948$w(OCoLC)25521319
=856  40$uhttp://hdl.handle.net/2333.1/w6m90ggp 
=880  1\$6100-01$aكوزة كناني، احمد بن عبد الله.
=880  10$6245-02$aايقاظ العلماء وتنبيه الامراء /$cاحمد بن عبد الله الكوزة كناني.
=880  \\$6250-03$aالطبعة 2.
=880  \\$6260-04$a[ايران] :$bمركز النشر، مكتب الاعلام الاسلامي،$c1406 [1985 or 1986]
=959  \\$aNNU$bWEB$cGENI$t0$mElectronic access$s01
=999  \\$iNjP_445948$o(OCoLC)ocm25521319$sprinceton_aco002695$e(ERROR-880)$sprinceton_aco002695

