=LDR  03338nam a2200541Mi 4500
=001  2759946
=003  NjP
=006  m\\\\\\\\d\\\\\\\\
=007  cr\cn\|||m|||a
=008  200430s1970\\\\iq\c\\\\ob\\\\000\0darar\
=040  \\$aZYU$bara$erda$cZYU
=043  \\$aaw-----
=050  \4$aDS63$b.S565 1970
=100  1\$6880-01$aShukr, Ibrāhīm Ṣāliḥ,$d1892-1944.
=245  10$6880-02$aQalam wazīr,$btārīkh mā ahmalahu al-tārīkh min ḥawādith al-masʼalah al-ʻArabīyah fī al-Ḥijāz wa-Sūrīyah wa-al-ʻIrāq$c[taʼlīf] Khālid Muḥsin Ismāʻīl.
=260  \\$6880-03$aBaghdād :$bMaṭbaʻat al-Maʻārif,$c1970.
=300  \\$aonline resource (110 pages) :$bportrait
=336  \\$atext$2rdacontent
=337  \\$acomputer$2rdamedia
=338  \\$aonline resource$2rdacarrier
=490  1\$6880-04$aĀthār ;$val-Kitāb 1
=500  \\$aAdded t.p.: Qalam wazeer, history of what was neglected by history from the events of the Arab cause in Hidjaz, Suria and Iraq [by] Ibrahim Salih Shukur.
=500  \\$aPart of the Arabic Collections Online (ACO) project, contributed by Princeton University Libraries.
=504  \\$aIncludes bibliographical references (pages 103-105).
=500  \\$6880-05$a"Fuṣūl ... nushira al-qism al-awwal minhā fī Majallat al-Amānī ... 1931 ... wa-nushira al-qism al-thānī fī Jarīdat al-Akhbār ... 1931 ʻalá al-tawālī."
=533  \\$aElectronic reproduction.$bNew York, N.Y. :$cNew York University,$d2020.$5NNU
=651  \0$aMiddle East$xPolitics and government.
=651  \0$aMiddle East$vBiography.
=650  \7$aPolitics and government$2fast$0(OCoLC)fst01919741
=651  \7$aMiddle East.$2fast$0(OCoLC)fst01241586
=655  \7$aBiographies.$2fast$0(OCoLC)fst01919896
=655  \4$aBiography.
=700  1\$6880-06$aIsmāʻīl, Khālid Muḥsin,$eeditor.
=710  2\$aPrinceton University.$bLibrary.
=730  0\$aArabic Collections Online.
=776  08$iOnline version:$aShukr, Ibrāhīm Ṣāliḥ, 1892-1944.$tQalam wazīr.$dBaghdād, Maṭbaʻat al-Maʻārif, 1970$w(OCoLC)579406731
=776  08$iPrint version:$aShukr, Ibrāhīm Ṣāliḥ, 1892-1944.$tQalam wazīr$w(NjP)2759946$w(DLC)   74962258 $w(OCoLC)22774034
=800  1\$6880-07$aShukr, Ibrāhīm Ṣāliḥ,$d1892-1944.$tĀthār. ;$val-Kitāb 1.
=856  40$uhttp://hdl.handle.net/2333.1/kd51cg13 
=880  1\$6100-01$aشكر، ابراهيم صالح،$d1892-1944.
=880  10$6245-02$aقلم وزير :$bتاريخ ما اهمله التاريخ من حوادث المسألة العربية في الحجاز وسورية والعراق /$cخالد محسن اسماعيل.
=880  \\$6260-03$aبغداد :$bمطبعة المعارف،$c1970.
=880  1\$6490-04$aآثار ؛$vالكتاب 1 
=880  \\$6500-05$a"فصول ... نشر القسم الاول منها في مجلة الاماني ... 1931 ... ونشر القسم الثاني في جريدة الاخبار ... 1931 على التوالي."
=880  1\$6700-06$aاسماعيل، خالد محسن.
=880  1\$6800-07$aشكر، ابراهيم صالح،$d18921944.$tآثار. ;$vالكتاب 1.
=959  \\$aNNU$bWEB$cGENI$t0$mElectronic access$s01
=999  \\$iNjP_2759946$o(OCoLC)ocm22774034$sprinceton_aco002395$e(ERROR-880)$sprinceton_aco002395

