=LDR  02260nam a2200445Mi 4500
=001  1282674
=003  NjP
=006  m\\\\\\\\d\\\\\\\\
=007  cr\cn\|||m|||a
=008  200430s1946\\\\sy\\\\\\ob\\\\000\0\arard
=040  \\$aZYU$bara$erda$cZYU
=043  \\$aar-----
=050  \4$aBP75.2$b.D27 1946
=100  1\$6880-01$aDarwazah, Muḥammad ʻIzzat,$d1889-
=245  10$6880-02$aʻAṣr al-Nabī wa-bīʼatahu qabl al-biʻthah :$bṢuwar muqtabasah min al Qurʼān al-Karīm wa-dirāsāt wa-tḥlīlāt Qurʼānīyah /$ctaʼlīf Muḥammad ʻIzzat Darwazah.
=260  \\$6880-03$aDimashq :$bMatbaʻat Dar al-yaqaẓa,$c1946.
=300  \\$aonline resource (507 pages)
=336  \\$atext$2rdacontent
=337  \\$acomputer$2rdamedia
=338  \\$aonline resource$2rdacarrier
=500  \\$aPart of the Arabic Collections Online (ACO) project, contributed by Princeton University Libraries.
=504  \\$aIncludes bibliographical references.
=533  \\$aElectronic reproduction.$bNew York, N.Y. :$cNew York University,$d2020.$5NNU
=600  00$aMuḥammad,$cProphet,$d-632.
=651  \0$aArabian Peninsula$xHistory.
=651  \0$aArabian Peninsula$xReligion.
=600  07$aMuḥammad,$cProphet,$d-632$2fast$0(OCoLC)fst01836298
=650  \7$aReligion.$2fast$0(OCoLC)fst01093763
=651  \7$aArabian Peninsula.$2fast$0(OCoLC)fst01240131
=653  0\$aIslamic history
=655  \7$aHistory.$2fast$0(OCoLC)fst01411628
=710  2\$aPrinceton University.$bLibrary.
=730  0\$aArabic Collections Online.
=776  08$iPrint version:$aDarwazah, Muḥammad ʻIzzat, 1889-$tʻAṣr al-Nabī wa-bīʼatahu qabl al-biʻthah$w(NjP)1282674$w(DLC)   90964308 $w(OCoLC)26727343
=856  40$uhttp://hdl.handle.net/2333.1/gqnk9kgp 
=880  1\$6100-01$aدروزه، محمد عزة،$d1889-
=880  10$6245-02$aعصر النبي وبيئته قبل البعثة :$bصور مقتبسة من القرآن الكريم ودراسات وتحليلات قرآنية /$cتأليف محمد عازة دروزة. 
=880  \\$6260-03$aدمشق :$bمطبعة دلر اليقظة،$c1946.
=959  \\$aNNU$bWEB$cGENI$t0$mElectronic access$s01
=999  \\$iNjP_1282674$o(OCoLC)ocm26727343$sprinceton_aco002609$e(ERROR-880)$sprinceton_aco002609

