=LDR  01656nam a2200373Mi 4500
=001  2768833
=003  NjP
=006  m\\\\\\\\d\\\\\\\\
=007  cr\cn\|||m|||a
=008  200430s1962\\\\sy\\\\\\o\\\\\000\0\arar\
=040  \\$aZYU$bara$erda$cZYU
=050  00$aBP189$b.M29
=245  03$6880-01$aal-Majmūʻah al-ṣughrá lil-fawāʼid al-kubrá /$ctaqdīm wa-taḥqīq Ṣafwat al-Saqqā.
=250  \\$6880-02$a[al-Ṭabʻah 2.].
=260  \\$6880-03$aḤalab :$bMaktabat Rabīʻ$c1962.
=300  \\$aonline resource (4, 208 pages)
=336  \\$atext$2rdacontent
=337  \\$acomputer$2rdamedia
=338  \\$aonline resource$2rdacarrier
=500  \\$aPart of the Arabic Collections Online (ACO) project, contributed by Princeton University Libraries.
=533  \\$aElectronic reproduction.$bNew York, N.Y. :$cNew York University,$d2020.$5NNU
=650  \0$aSufism.
=650  \7$aSufism.$2fast$0(OCoLC)fst01137257
=700  1\$6880-04$aSaqqā, Ṣafwat.
=710  2\$aPrinceton University.$bLibrary.
=730  0\$aArabic Collections Online.
=776  08$iPrint version:$tal-Majmūʻah al-ṣughrá lil-fawāʼid al-kubrá$w(NjP)2768833$w(DLC)ne 66000512 $w(OCoLC)31196910
=856  40$uhttp://hdl.handle.net/2333.1/x3ffbrz9 
=880  02$6245-01$aالمجموعة الصغرى للفوائد الكبرى /$cتقديم وتحقيق صفوة السقا.
=880  \\$6250-02$aالطبعة 2.
=880  \\$6260-03$aحلب :$bمكتبة ربيع،$c1962.
=880  1\$6700-04$aسقا، صفوة.
=959  \\$aNNU$bWEB$cGENI$t0$mElectronic access$s01
=999  \\$iNjP_2768833$o(OCoLC)ocm31196910$sprinceton_aco003130$sprinceton_aco003130

