=LDR  02213nam a2200421Mi 4500
=001  553569
=003  NjP
=006  m\\\\\\\\d\\\\\\\\
=007  cr\cn\|||m|||a
=008  200430s1988\\\\ir\\\\\\obd\\\000\0\ara\d
=040  \\$aZYU$bara$erda$cZYU
=041  0\$aara$aper
=050  \4$aBP193.25.K8423$bB37 1988
=082  04$a297.1248
=100  1\$6880-01$aBarāzish, ʻAlī Riz̤ā.
=245  13$6880-02$aal-Muʻjam al-mufahras li-alfāẓ al-Uṣūl min al-Kāfī /$cwaḍaʻahu ʻAlī Riḍā Barāzish.
=260  \\$6880-03$a[Tehran] :$bMunaẓẓamat al-Iʻlām al-Islāmī, "Muʻāwanīyat al-Thaqāfah wa-al-Nashr",$c1988.
=300  \\$aonline resource (2 volumes (21, 2011 pages))
=336  \\$atext$2rdacontent
=337  \\$acomputer$2rdamedia
=338  \\$aonline resource$2rdacarrier
=500  \\$aIntrods. also in Persian.
=500  \\$aThumb-indexed.
=500  \\$aPart of the Arabic Collections Online (ACO) project, contributed by Princeton University Libraries.
=504  \\$aIncludes bibliographical references.
=533  \\$aElectronic reproduction.$bNew York, N.Y. :$cNew York University,$d2020.$5NNU
=600  10$aKulaynī, Muḥammad ibn Yaʻqūb,$d-941?$tKāfī$vConcordances.
=630  07$aKāfī (Kulaynī, Muḥammad ibn Yaʻqūb)$2fast$0(OCoLC)fst01371510
=655  \7$aConcordances.$2fast$0(OCoLC)fst01423768
=710  2\$aPrinceton University.$bLibrary.
=730  0\$aArabic Collections Online.
=776  08$iPrint version:$aBarāzish, ʻAlī Riz̤ā.$tal-Muʻjam al-mufahras li-alfāẓ al-Uṣūl min al-Kāfī$w(NjP)553569$w(OCoLC)22317655
=856  40$uhttp://hdl.handle.net/2333.1/5qfttqm3 
=880  1\$6100-01$aبرازش، علي رضا.
=880  12$6245-02$aالمعجم المفهرس لالفاظ الاصول من الكافي /$cوضعه علي رضا برازش.
=880  \\$6260-03$a[طهران] :$bمنظمة الاعلام الاسلامي، "معاونية الثقافة والنشر"،$c1988.
=959  \\$aNNU$bWEB$cGENI$t0$mElectronic access$s01
=999  \\$iNjP_553569$o(OCoLC)ocm22317655$sprinceton_aco003895:mujallad 1$sprinceton_aco003896:mujallad 2$sprinceton_aco003895:mujallad 1$sprinceton_aco003896:mujallad 2

