=LDR  01749nam a2200409Mi 4500
=001  2834977
=003  NjP
=006  m\\\\\\\\d\\\\\\\\
=007  cr\cn\|||m|||a
=008  200430s1950\\\\le\\\\\\o\\\\\000\0\ara\d
=040  \\$aZYU$bara$erda$cZYU
=043  \\$ama-----
=050  \4$aD255$b.Z82
=100  1\$6880-01$aZiadeh, Nicola A. 
=245  14$6880-02$aal-ʻUrūbah fī mīzān al-qawmīyah.
=260  \\$6880-03$aBayrūt :$bDār al-ʻIlm lil-Malāyīn,$c1950.
=300  \\$aonline resource (96 pages)
=336  \\$atext$2rdacontent
=337  \\$acomputer$2rdamedia
=338  \\$aonline resource$2rdacarrier
=500  \\$aPart of the Arabic Collections Online (ACO) project, contributed by Princeton University Libraries.
=533  \\$aElectronic reproduction.$bNew York, N.Y. :$cNew York University,$d2020.$5NNU
=546  \\$aIn Arabic.
=520  \\$aA general study of nationalism, with special reference to the Arabs of today.
=650  \0$aNationalism.
=650  \0$aArabism.
=650  \7$aArabism.$2fast$0(OCoLC)fst00812571
=650  \7$aNationalism.$2fast$0(OCoLC)fst01033832
=710  2\$aPrinceton University.$bLibrary.
=730  0\$aArabic Collections Online.
=776  08$iPrint version:$aZiadeh, Nicola A.$tal-ʻUrūbah fī mīzān al-qawmīyah$w(NjP)2834977$w(OCoLC)42915265
=856  40$uhttp://hdl.handle.net/2333.1/brv15qg5 
=880  1\$6100-01$aزياده، نقولا. 
=880  12$6245-02$aالعروبة في ميزان القومية /$cنقولا زيادة.
=880  \\$6260-03$aبيروت :$bدار العلم للملايين،$c1950.
=959  \\$aNNU$bWEB$cGENI$t0$mElectronic access$s01
=999  \\$iNjP_2834977$o(OCoLC)ocm42915265$sprinceton_aco002423$e(ERROR-880)$sprinceton_aco002423

