=LDR  02377nam a2200469Mi 4500
=001  1895709
=003  NjP
=006  m\\\\\\\\d\\\\\\\\
=007  cr\cn\|||m|||a
=008  200430s1953\\\\iq\\\\\\ob\\\\000\0\ara\d
=040  \\$aZYU$bara$erda$cZYU
=041  1\$aara$hper
=050  \4$aDS51.K7$bB5 1953
=100  1\$6880-01$aBidlīsī, Sharaf Khān,$d1543-
=240  10$6880-02$aSharafnāmah.$lArabic
=245  13$6880-03$aal-Sharafnāmah fī tārīkh al-duwal wa-al-Imārāt al-Kurdīyah /$cSharaf Khān al-Biblīsī ; Naqalahu ilá al-Lughah al-ʻArabǐyah wa-ʻallaqa ʻalayhi Jamīl Bandī Rūzhbayānī.
=246  3\$6880-04$aSherefnama
=260  \\$6880-05$aBaghdad :$bMaṭbaʻat al-Najāḥ,$c1953.
=300  \\$aonline resource (480 pages)
=336  \\$atext$2rdacontent
=337  \\$acomputer$2rdamedia
=338  \\$aonline resource$2rdacarrier
=500  \\$aAdded t.p.: Sherefnama.
=500  \\$aTranslated from Persian.
=500  \\$aPart of the Arabic Collections Online (ACO) project, contributed by Princeton University Libraries.
=504  \\$aIncludes bibliographical references.
=533  \\$aElectronic reproduction.$bNew York, N.Y. :$cNew York University,$d2020.$5NNU
=650  \0$aKurds.
=650  \7$aKurds.$2fast$0(OCoLC)fst00989403
=700  1\$6880-06$aRojbeyanî, Cemîl,$d1913-2001.
=710  2\$aPrinceton University.$bLibrary.
=730  0\$aArabic Collections Online.
=776  08$iPrint version:$aBidlīsī, Sharaf Khān, 1543-$tal-Sharafnāmah fī tārīkh al-duwal wa-al-Imārāt al-Kurdīyah$w(NjP)1895709$w(OCoLC)9468887
=856  40$uhttp://hdl.handle.net/2333.1/547d8674 
=880  1\$6100-01$aبدليسي، شرف خان.
=880  10$6240-02$aشرفنامة.$lArabic
=880  12$6245-03$aالشرفنامه :$bفي تأريخ الدول و الإمارات الكردية /$cألفه باللغة الفارسية الأمير شرف خان البدليسي ؛ نقله الى اللغة العربية و علق عليه جميل بندي روژبياني.
=880  3\$6246-04$aشرفنم
=880  \\$6260-05$aبغداد :$bمطبعة النجاح،$c1953.
=880  1\$6700-06$aروژبياني، جميل،$d1913-2001.
=959  \\$aNNU$bWEB$cGENI$t0$mElectronic access$s01
=999  \\$iNjP_1895709$o(OCoLC)ocm09468887$sprinceton_aco003990:$e(ERROR-880)$sprinceton_aco003990:

