=LDR  03537nam a2200541Mi 4500
=001  737052
=003  NjP
=006  m\\\\\\\\d\\\\\\\\
=007  cr\cn\|||m|||a
=008  200430m19909999ir\\\\\\ob\\\\001\0\ara\d
=040  \\$aZYU$bara$erda$cZYU
=050  \4$aBP166.94$b.H34 1990x
=100  1\$6880-01$aḤākim al-Ḥaskānī, ʻUbayd Allāh ibn ʻAbd Allāh,$d-1077 or 1078.
=245  10$6880-02$aShawāhid al-tanzīl li-qawāʻid al-tafḍīl fī al-āyāt al-nāzilah fī Ahl al-Bayt /$ctaʼlīf ʻUbayd Allāh ibn ʻAbd Allāh ibn Aḥmad al-maʻrūf bi-Ḥākim al-Ḥaskānī al-Ḥadhdhāʼ al-Ḥanafī al-Nīsābūrī ; taḥqīq wa-taʻlīq Muḥammad Bāqir al-Maḥmūdī.
=246  3\$6880-03$aFahāris Shawāhid al-tanzīl
=250  \\$6880-04$aal-Ṭabʻah 1.
=260  \\$6880-05$aṬihrān, Īrān :$bMuʼassasat al-Ṭabʻ wa-al-Nashr :$bMajmaʻ Iḥyāʼ al-Thaqāfah al-Islāmīyah,$c1990-
=300  \\$aonline resource (volumes)
=336  \\$atext$2rdacontent
=337  \\$acomputer$2rdamedia
=338  \\$aonline resource$2rdacarrier
=500  \\$a"Wa-talīhi Faḍāʼil shahr Rajab"--V. 2, title page.
=500  \\$aVol. 3 has title: Fahāris Shawāhid al-tanzīl.
=500  \\$aPart of the Arabic Collections Online (ACO) project, contributed by Princeton University Libraries.
=504  \\$aIncludes bibliographical references and indexes.
=533  \\$aElectronic reproduction.$bNew York, N.Y. :$cNew York University,$d2020.$5NNU
=600  00$aMuḥammad,$cProphet,$d-632$xFamily$xShiite authors.
=630  00$aQurʼan$xCriticism, interpretation, etc.
=600  07$aMuḥammad,$cProphet,$d-632.$2fast$0(OCoLC)fst01836298
=630  07$aQurʼan.$2fast$0(OCoLC)fst01842877
=650  \0$aHadith (Shiites)
=650  \7$aHadith (Shiites)$2fast$0(OCoLC)fst00950138
=655  \7$aCriticism, interpretation, etc.$2fast$0(OCoLC)fst01411635
=700  1\$6880-06$aMaḥmūdī, Muḥammad Bāqir.
=710  2\$aPrinceton University.$bLibrary.
=730  0\$aArabic Collections Online.
=740  0\$6880-07$aFahāris Shawāhid al-tanzīl.
=776  08$iPrint version:$aḤākim al-Ḥaskānī, ʻUbayd Allāh ibn ʻAbd Allāh, -1077 or 1078.$tShawāhid al-tanzīl li-qawāʻid al-tafḍīl fī al-āyāt al-nāzilah fī Ahl al-Bayt$w(NjP)737052$w(OCoLC)25336049
=856  40$uhttp://hdl.handle.net/2333.1/931zd26d 
=880  1\$6100-01$aحاكم الحسكاني، عبيد الله بن عبد الله، $d-1077 or 1078.
=880  10$6245-02$aشواهد التنزيل لقواعد التفضيل في الآيات النازلة في أهل البيت /$cتأليف عبيد الله بن عبد الله بن أحمد المعروف الحاكم الحسكاني الحذاء الحنفي النيسابوري ؛ تحقيق محمد باقر المحمودي.
=880  3\$6246-03$aفهارس شواهد التنزيل
=880  \\$6250-04$aالطبعة 1.
=880  \\$6260-05$aطهران، ايران :$bمؤسسة الطبع والنشر :$bمجمع احياء الثقافة الاسلامية،$c1990.
=880  1\$6700-06$aمحمودي، محمد باقر.
=880  0\$6740-07$aفهارس شواهد التنزيل.
=959  \\$aNNU$bWEB$cGENI$t0$mElectronic access$s01
=999  \\$iNjP_737052$o(OCoLC)ocm25336049$sprinceton_aco003874:mujallad 1$sprinceton_aco003876:mujallad 2$sprinceton_aco003878:index$e(ERROR-880)$sprinceton_aco003874:mujallad 1$sprinceton_aco003876:mujallad 2$sprinceton_aco003878:index

