=LDR  02084nam a2200397Mi 4500
=001  1562440
=003  NjP
=006  m\\\\\\\\d\\\\\\\\
=007  cr\cn\|||m|||a
=008  200430s1945\\\\sy\\\\\\ob\\\\000\0\ara\\
=040  \\$aZYU$bara$erda$cZYU
=050  \4$aDS70.88.K5$bI7 1945
=100  1\$6880-01$aʻIshsh, Yūsuf.
=245  13$6880-02$aal-Khaṭīb al-Baghdādī muʼarrikh Baghdād wa-muḥaddithahā /$ctaʼlīf Yūsuf al-ʻIshsh ; qaddama lahu Aḥmad Amīn.
=260  \\$6880-03$aDimashq :$bal-Maktabah al-ʻArabīyah,$c1945.
=300  \\$aonline resource (2, 276 pages)
=336  \\$atext$2rdacontent
=337  \\$acomputer$2rdamedia
=338  \\$aonline resource$2rdacarrier
=500  \\$aPart of the Arabic Collections Online (ACO) project, contributed by Princeton University Libraries.
=504  \\$aIncludes bibliographical references (pages 265-270).
=533  \\$aElectronic reproduction.$bNew York, N.Y. :$cNew York University,$d2020.$5NNU
=600  10$6880-04$aKhaṭīb al-Baghdādī, Abū Bakr Aḥmad ibn ʻAlī,$d1002-1071.
=600  17$aKhaṭīb al-Baghdādī, Abū Bakr Aḥmad ibn ʻAlī,$d1002-1071$2fast$0(OCoLC)fst00162789
=700  1\$6880-05$aAmīn, Aḥmad.
=710  2\$aPrinceton University.$bLibrary.
=730  0\$aArabic Collections Online.
=776  08$iPrint version:$aʻIshsh, Yūsuf.$tal-Khaṭīb al-Baghdādī muʼarrikh Baghdād wa-muḥaddithahā$w(NjP)1562440$w(DLC)ne 67001398 $w(OCoLC)10281254
=856  40$uhttp://hdl.handle.net/2333.1/gb5mkwjb 
=880  1\$6100-01$aعش، يوسف.
=880  12$6245-02$aالخطيب البغدادي مؤرخ بغداد ومحدثها /$cتأليف يوسف العش ؛ قدم له أحمد أمين.
=880  \\$6260-03$aدمشق :$bالمكتبة العربية،$c1945.
=880  14$6600-04$aخطيب البغدادي، أبو بكر أحمد بن علي،$d1002-1071.
=880  1\$6700-05$aأمين، أحمد.
=959  \\$aNNU$bWEB$cGENI$t0$mElectronic access$s01
=999  \\$iNjP_1562440$o(OCoLC)ocm10281254$sprinceton_aco002155$sprinceton_aco002155

