=LDR  04121nam a2200601Mi 4500
=001  2787798
=003  NjP
=006  m\\\\\\\\d\\\\\\\\
=007  cr\cn\|||m|||a
=008  200430m19341937ua\ach\\o\\\\\001\0cara\\
=040  \\$aZYU$bara$erda$cZYU
=043  \\$af-ua---
=050  \4$aDT107.2.A5$bA3 1934
=050  \4$aDT107.2.A53$bA34 1934
=100  0\$6880-01$aAḥmad Shafīq,$d1860-1940.
=245  10$6880-02$aMudhakkirātī fī niṣf qarn /$cbi-qalam al-ḥājj Aḥmad Shafīq Bāshā raʼīs al-Dīwān al-Khidīwī wa-wakīl al-Jāmiʻah al-Miṣrīyah al-Ahlīyah sābiqan wa-khirrīj Madrasat al-ʻUlūm al-Siyāsīyah wa-Killīyat al-Ḥuqūq bi-Bārīs.
=250  \\$6880-03$aal-Ṭabʻah al-ūlá.
=264  \1$6880-04$aal-Qāhirah :$bMaṭbaʻat Miṣr, Sharikah Musāhimah Miṣrīyah,$csanat 1352 H., sanat 1934 M.-[1937?]
=300  \\$aonline resource (3 volumes in 4.) :$billustrations, portraits, facsimiles
=336  \\$atext$2rdacontent
=337  \\$acomputer$2rdamedia
=338  \\$aonline resource$2rdacarrier
=500  \\$aIncludes indexes.
=500  \\$aVol. 3, with imprint: Dār "Majallatī" lil-Ṭabʻ wa-al-Nashr lacks ed. statement.
=500  \\$6880-05$aḤuqūq al-ṭabʻ wa-al-tarjamah maḥfūẓah lil-muʼallif.
=500  \\$aPart of the Arabic Collections Online (ACO) project, contributed by Princeton University Libraries.
=505  0\$6880-06$aal-Juzʼ al-awwal. Min sanat 1873 ilá 8 Yanāyir sanat 1892 -- al-Juzʼ al-thānī. ʻAbbās Ḥilmī al-Thānī : al-Qism al-awwal. Min Yanāyir sanat 1892 ilá sanat 1902. al-Qism al-thānī. Min Yanāyir sanat 1903 ilá sanat 1914 -- al-Juzʼ al-thālith. ʻAbbās wa-al-Ḥarb al-ʻUẓmá, 1915-1923.
=533  \\$aElectronic reproduction.$bNew York, N.Y. :$cNew York University,$d2020.$5NNU
=600  00$6880-07$aAḥmad Shafīq,$d1860-1940.
=600  07$aAḥmad Shafīq,$d1860-1940.$2fast$0(OCoLC)fst01911728
=611  27$aBritish Occupation of Egypt (1882-1936)$2fast$0(OCoLC)fst01352144
=651  \0$aEgypt$xHistory$yBritish occupation, 1882-1936.
=651  \0$aEgypt$xPolitics and government$y1882-1952.
=651  \0$aEgypt$xPolitics and government$y640-1882.
=651  \0$aEgypt$xHistory$y19th century.
=650  \7$aPolitics and government.$2fast$0(OCoLC)fst01919741
=651  \7$aEgypt.$2fast$0(OCoLC)fst01208755
=648  \7$a640-1952$2fast
=655  \7$aHistory.$2fast$0(OCoLC)fst01411628
=710  2\$aPrinceton University.$bLibrary.
=730  0\$aArabic Collections Online.
=776  08$iOnline version:$aAḥmad Shafīq, 1860-1940.$tMudhakkirātī fī niṣf qarn.$bal-Ṭabʻah al-ūlá$w(OCoLC)1121448172
=776  08$iPrint version:$aAḥmad Shafīq, 1860-1940.$tMudhakkirātī fī niṣf qarn$w(NjP)2787798$w(DLC)  74211110 $w(OCoLC)11102994
=856  40$uhttp://hdl.handle.net/2333.1/2547djhs 
=880  0\$6100-01$aأحمد شفيق،$d1860-1940.
=880  10$6245-02$aمذكراتي في نصف قرن /$cبقلم الحاج احمد شفيق باشا رئيس الديوان الخديوي ووكيل الجامعة المصرية الاهلية سابقن وخريج مدرسة العلوم السياسية وكلية الحقوق بباريس.
=880  \\$6250-03$aالطبعة الأولى.
=880  \1$6264-04$aالقاهرة :$bمطبعة مصر، شركة مساهمة مصرية،$cسنة 1352 ه.، سنة 1934 م.[1937؟]
=880  \\$6500-05$aحقوق الطبع والترجمة محفوظة للمؤلف.
=880  0\$6505-06$aالجزء الأول. من سنة 1873 الى 8 يناير سنة 1892 -- الجزء الثاني. عباس حلمي الثاني : القسم الاول. من يناير سنة 1892 الى سنة 1902. القسم الثاني. من يناير سنة 1903 الى سنة 1914 -- الجزء الثالث. عباس والحرب العظمى، 1915-1923.
=880  04$6600-07$aأحمد شفيق،$d1860-1940.
=959  \\$aNNU$bWEB$cGENI$t0$mElectronic access$s01
=999  \\$iNjP_2787798$o(OCoLC)ocm11102994$sprinceton_aco002295:v.2$sprinceton_aco002295:v.2

