=LDR  03764nam a2200589Mi 4500
=001  394537
=003  NjP
=006  m\\\\\\\\d\\\\\\\\
=007  cr\cn\|||m|||a
=008  200430s1983\\\\ir\h\\\\ob\\\\000\0\arar\
=040  \\$aZYU$bara$erda$cZYU
=050  00$aKBP440.76.S893$bA38 1983
=050  \4$aBP160$b.S89
=082  0\$a297.5$223
=082  0\$a340.59$222
=100  1\$6880-01$aSuyūrī, al-Miqdād ibn ʻAbd Allāh,$d-1423.
=245  13$6880-02$aal-Tanqīḥ al-rāʼiʻ li-Mukhtaṣar al-Sharāʼiʻ /$cJamāl al-Dīn Miqdād ibn ʻAbd Allāh al-Suyūrī al-Ḥillī ; taḥqīq ʻAbd al-Laṭīf al-Ḥusaynī al-Kūhʹkamarī ; bi-ihtimām Maḥmūd al-Marʻashī.
=250  \\$6880-03$aChab-i 1.
=260  \\$6880-04$a[Iran] :$bMaktabat Āyat Allāh al-Marʻashī,$c1404 [1983 or 1984]
=300  \\$aonline resource (4 volumes) :$bfacsimiles
=336  \\$atext$2rdacontent
=337  \\$acomputer$2rdamedia
=338  \\$aonline resource$2rdacarrier
=490  1\$6880-05$aMin makhṭūṭāt Maktabat Āyat Allāh al-Marʻashī al-Najafī ;$v9
=500  \\$aPart of the Arabic Collections Online (ACO) project, contributed by Princeton University Libraries.
=504  \\$aIncludes bibliographical references (v. 4, pages 553-557).
=533  \\$aElectronic reproduction.$bNew York, N.Y. :$cNew York University,$d2020.$5NNU
=650  \0$aIslamic law$vEarly works to 1800.
=650  \0$aShīʻah$vEarly works to 1800.
=650  \7$aIslamic law.$2fast$0(OCoLC)fst00979949
=650  \7$aShīʻah.$2fast$0(OCoLC)fst01117946
=655  \7$aEarly works.$2fast$0(OCoLC)fst01411636
=700  1\$6880-06$aKūhʹkamarī, ʻAbd al-Laṭīf Ḥusaynī.
=700  1\$6880-07$aMarʻashī, Maḥmūd.
=700  12$6880-08$aMuḥaqqiq al-Ḥillī, Jaʻfar ibn al-Ḥasan,$d1205 or 1206-1277.$tMukhtaṣar al-nāfiʻ.
=710  2\$aPrinceton University.$bLibrary.
=730  0\$aArabic Collections Online.
=776  08$iOnline version:$aSuyūrī, al-Miqdād ibn ʻAbd Allāh, -1423.$tTanqīḥ al-rāʼiʻ li-Mukhtaṣar al-Sharāʼiʻ.$d[Iran] : Maktabat Āyat Allāh al-ʻUẓmá al-Marʻashī, 1404 [1983 or 1984]$w(OCoLC)655432230
=776  08$iPrint version:$aSuyūrī, al-Miqdād ibn ʻAbd Allāh, -1423.$tal-Tanqīḥ al-rāʼiʻ li-Mukhtaṣar al-Sharāʼiʻ$w(NjP)394537$w(DLC)   85186672 $w(OCoLC)13158553
=830  \0$6880-09$aMin makhṭūṭāt Maktabat Āyat Allāh al-Marʻashī al-ʻĀmmah ;$v9.
=856  40$uhttp://hdl.handle.net/2333.1/dncjt77b 
=880  1\$6100-01$aسيوري، المقداد بن عبد الله، $d-1423.
=880  13$6245-02$aالتنقيح الرائع لمختصر الشرائع /$cجمال الدين بن عبد الله السروري الهلالي ؛ تحقيق عبد اللطيف الحسيني الكوهكمري ؛ باهتمام محمود المرعشي.
=880  \\$6250-03$aچاپ 1.
=880  \\$6260-04$a[إيران] :$bمكتبة اية الله المرعشي،$c1404-[1983 أو 1984]
=880  1\$6490-05$aمن مخطوطات مكتبة آية الله المرعشي النجفي.
=880  1\$6700-06$aكوهكمري، عبد اللطيف حسيني.
=880  1\$6700-07$aمرعشي، محمود.
=880  12$6700-08$aمحقق الحلي، جعفر بن الحسن،,$d1205 or 1206-1277.$tمختصر النافع.
=880  \0$6830-09$aمن مخطوطات مكتبة آية الله المرعشي العامة ؛ $v٩.
=959  \\$aNNU$bWEB$cGENI$t0$mElectronic access$s01
=999  \\$iNjP_394537$o(OCoLC)ocm13158553$sprinceton_aco001921$sprinceton_aco001922$sprinceton_aco001923$sprinceton_aco002245$e(ERROR-880)$sprinceton_aco001921$sprinceton_aco001922$sprinceton_aco001923$sprinceton_aco002245

