=LDR  01961nam a2200397Mi 4500
=001  1055106
=003  NjP
=006  m\\\\\\\\d\\\\\\\\
=007  cr\cn\|||m|||a
=008  200430s1926\\\\sy\a\\\\o\\\\\000\0\ara\d
=040  \\$aZYU$bara$erda$cZYU
=043  \\$aa-sy---
=050  14$aDS98$b.F878 1926
=100  1\$6880-01$aFirizlī, Dīb Abū Murād. 
=245  10$6880-02$aNaẓm al-mankūb fī ḥawādith al-janūb /$cli-Dīb Mūrād al-Furuzlī.
=260  \\$6880-03$aBayrūt :$bMaṭbaʻat al-Ijtihād,$c1926.
=300  \\$aonline resource (224 pages) :$billustrations
=336  \\$atext$2rdacontent
=337  \\$acomputer$2rdamedia
=338  \\$aonline resource$2rdacarrier
=500  \\$a"Yaḥtawī ʻalá ḥawādith al-thawrah fī al-janūb bi-al-shiʻr al-zajalī wa-mā takhallalahā min faẓāʼiʻ al-thāʼirīn wa-ʻadl al-sulṭah wa-baṭshihā."
=500  \\$aPart of the Arabic Collections Online (ACO) project, contributed by Princeton University Libraries.
=533  \\$aElectronic reproduction.$bNew York, N.Y. :$cNew York University,$d2020.$5NNU
=651  \0$aSyria$xHistory$y20th century.
=651  \7$aSyria.$2fast$0(OCoLC)fst01208757
=648  \7$a1900-1999$2fast
=655  \7$aHistory.$2fast$0(OCoLC)fst01411628
=710  2\$aPrinceton University.$bLibrary.
=730  0\$aArabic Collections Online.
=776  08$iPrint version:$aFirizlī, Dīb Abū Murād.$tNaẓm al-mankūb fī ḥawādith al-janūb$w(NjP)1055106$w(OCoLC)34831345
=856  40$uhttp://hdl.handle.net/2333.1/dr7sr524 
=880  1\$6100-01$aفرزلي، ديب ابو مراد. 
=880  10$6245-02$aنظم المنكوب في حوادث الجنوب /$cلديب موراد الفرزلي.
=880  \\$6260-03$aبيروت :$bمطبعة الاجتهاد،$c1926.
=959  \\$aNNU$bWEB$cGENI$t0$mElectronic access$s01
=999  \\$iNjP_1055106$o(OCoLC)ocm34831345$sprinceton_aco003656:$e(ERROR-880)$sprinceton_aco003656:

