=LDR  01916nam a2200385Mi 4500
=001  3008095
=003  NjP
=006  m\\\\\\\\d\\\\\\\\
=007  cr\cn\|||m|||a
=008  200430s1970\\\\iq\c\\\\o\\\\\000\0\arax\
=040  \\$aZYU$bara$erda$cZYU
=050  04$aPJ7860.A84$bZ86
=100  1\$6880-01$aRāwī, Sharqīyah,$d1942-
=245  10$6880-02$aLil-Shaʻb qaḍīyah /$cSharqīyah al-Rāwī.
=260  \\$6880-03$aBaghdād :$bal-Dār al-Qawmīyah,$c1970.
=300  \\$aonline resource (100 pages) :$bportrait
=336  \\$atext$2rdacontent
=337  \\$acomputer$2rdamedia
=338  \\$aonline resource$2rdacarrier
=500  \\$aIn Arabic.
=500  \\$a"Bi-munāsabat al-dhikrá al-thălithah li-wafāt faqīd al-ʻUrūbah al-Shāʻir al-ʻIrāqī ʻAdnān al-Rāwī."
=500  \\$aPart of the Arabic Collections Online (ACO) project, contributed by Princeton University Libraries.
=533  \\$aElectronic reproduction.$bNew York, N.Y. :$cNew York University,$d2020.$5NNU
=600  10$aRāwī, ʻAdnān$xCriticism and interpretation.
=655  \7$aCriticism, interpretation, etc.$2fast$0(OCoLC)fst01411635
=710  2\$aPrinceton University.$bLibrary.
=730  0\$aArabic Collections Online.
=776  08$iOnline version:$aRāwī, Sharqīyah, 1942-$tLil-Shaʻb qaḍīyah.$dBaghdād : al-Dār al-Qawmīyah, 1970$w(OCoLC)586236722
=776  08$iPrint version:$aRāwī, Sharqīyah, 1942-$tLil-Shaʻb qaḍīyah$w(NjP)3008095$w(DLC)   77960997 $w(OCoLC)18358739
=856  40$uhttp://hdl.handle.net/2333.1/s7h44trb 
=880  1\$6100-01$aراوي، شرقية،$d1942-
=880  10$6245-02$aللشعب قضية /$cشرقية الراوي.
=880  \\$6260-03$aبغداد :$bالدار القومية،$c1970.
=959  \\$aNNU$bWEB$cGENI$t0$mElectronic access$s01
=999  \\$iNjP_3008095$o(OCoLC)ocm18358739$sprinceton_aco004303:$e(ERROR-880)$sprinceton_aco004303:

