=LDR  02013nam a2200373Mi 4500
=001  2762882
=003  NjP
=006  m\\\\\\\\d\\\\\\\\
=007  cr\cn\|||m|||a
=008  200430s1962\\\\sy\ch\\\o\\\\\000\0\ara\c
=040  \\$aZYU$bara$erda$cZYU
=050  \4$aD198.3$b.F22
=100  1\$6880-01$aFarfūr, Muḥammad Ṣāliḥ. 
=245  13$6880-02$aal-Durr al-manthūr /$cli-S̥ālih̥ Farfūr ; ala al-d̥iyāʼ al-mawfūr fī aʻyān Banī Farfūr li-Muh̥ammad Jamīl al-Shat̥t̥ī.
=260  \\$6880-03$aDimashq :$bMat̥baʻat al-Taraqqī,$c1962.
=300  \\$aonline resource (203 pages) :$bportraits, facsimiles
=336  \\$atext$2rdacontent
=337  \\$acomputer$2rdamedia
=338  \\$aonline resource$2rdacarrier
=500  \\$aPart of the Arabic Collections Online (ACO) project, contributed by Princeton University Libraries.
=533  \\$aElectronic reproduction.$bNew York, N.Y. :$cNew York University,$d2020.$5NNU
=600  30$aFarfūr family.
=600  10$aShaṭṭī, Mụḥammad Jamīl,$d1882-$tD̥iyā al-mawfūr fī aʻsyān Banī Farfūr.
=600  37$aFarfūr family.$2fast$0(OCoLC)fst00361625
=710  2\$aPrinceton University.$bLibrary.
=730  0\$aArabic Collections Online.
=776  08$iOnline version:$aFarfūr, Muhammad Sālih.$tDurr al-manthūr.$dDimashq : Mat̥baʻat al-Taraqqī, 1962$w(OCoLC)568722804
=776  08$iPrint version:$aFarfūr, Muḥammad Ṣāliḥ.$tal-Durr al-manthūr$w(NjP)2762882$w(DLC)ne 65000446 $w(OCoLC)23514115
=856  40$uhttp://hdl.handle.net/2333.1/63xsjdg0 
=880  1\$6100-01$aفرفور، محمد صالح. 
=880  12$6245-02$aالدر المنثور /$cلصالح فرفور ؛ الضياء الموفور في اعيان بني فرفور لمحمد جميل الشطي.
=880  \\$6260-03$aدمشق :$bمطبعة الترقي،$c1962.
=959  \\$aNNU$bWEB$cGENI$t0$mElectronic access$s01
=999  \\$iNjP_2762882$o(OCoLC)ocm23514115$sprinceton_aco002385$e(ERROR-880)$sprinceton_aco002385

