=LDR  01692nam a2200361Mi 4500
=001  1777298
=003  NjP
=006  m\\\\\\\\d\\\\\\\\
=007  cr\cn\|||m|||a
=008  200430s1955\\\\mr\\\\\\o\\\\\000\0\ara\d
=040  \\$aZYU$bara$erda$cZYU
=050  \4$aPJ7521$b.G15b
=100  1\$6880-01$aGannūn, ʻAbd Allāh,$d1908-
=245  10$6880-02$aDhikrayāt mashāhīr rijāl al-Maghrib /$cbi-qalam ʻAbd Allah Gannūn.
=260  \\$6880-03$aTiṭwān :$bMaṭbaʻat Krīmādīs,$c[195-?-]
=300  \\$aonline resource (46 pages)
=336  \\$atext$2rdacontent
=337  \\$acomputer$2rdamedia
=338  \\$aonline resource$2rdacarrier
=500  \\$aPart of the Arabic Collections Online (ACO) project, contributed by Princeton University Libraries.
=533  \\$aElectronic reproduction.$bNew York, N.Y. :$cNew York University,$d2020.$5NNU
=546  \\$aTitle-page and text in Arabic.
=600  00$aIbn Batuta,$d1304-1377.
=600  07$aIbn Batuta,$d1304-1377$2fast$0(OCoLC)fst00019800
=710  2\$aPrinceton University.$bLibrary.
=730  0\$aArabic Collections Online.
=776  08$iPrint version:$aGannūn, ʻAbd Allāh, 1908-$tDhikrayāt mashāhīr rijāl al-Maghrib$w(NjP)1777298$w(OCoLC)42811830
=856  40$uhttp://hdl.handle.net/2333.1/m37pvx2p 
=880  1\$6100-01$aگنون، عبد الله،$d1908-
=880  10$6245-02$aذكريات مشاهير رجال المغرب /$cبقلم عبد الة گنون.
=880  \\$6260-03$aتطوان :$bمطبعة كريماديس،$c[195؟]
=959  \\$aNNU$bWEB$cGENI$t0$mElectronic access$s01
=999  \\$iNjP_1777298$o(OCoLC)ocm42811830$sprinceton_aco002537$e(ERROR-880)(ERROR-SERIES)$sprinceton_aco002537

