=LDR  02093nam a2200433Mi 4500
=001  398993
=003  NjP
=006  m\\\\\\\\d\\\\\\\\
=007  cr\cn\|||m|||a
=008  200430s1983\\\\ir\\\\\\ob\\\\000\0\ara\d
=040  \\$aZYU$bara$erda$cZYU
=041  1\$aara$hper
=050  \4$aBP166.75$bD3712 1983
=100  1\$6880-01$aDastʹghayb, ʻAbd al-Ḥusayn. 
=240  10$6880-02$aGunāhān-i kabīrah.$lArabic
=245  13$6880-03$aal-Dhunūb al-kabīrah /$cʻAbd al-Ḥusayn Dastghayb Shīrāzī ; tarjamat Ṣadr al-Dīn al-Qubbānchī.
=260  \\$6880-04$aQum :$bDār al-Kitāb,$c1404 [1983 or 1984]
=300  \\$aonline resource (2 volumes)
=336  \\$atext$2rdacontent
=337  \\$acomputer$2rdamedia
=338  \\$aonline resource$2rdacarrier
=500  \\$aTranslation of: Gunāhān-i Kabīrah.
=500  \\$aPart of the Arabic Collections Online (ACO) project, contributed by Princeton University Libraries.
=504  \\$aIncludes bibliographical references.
=533  \\$aElectronic reproduction.$bNew York, N.Y. :$cNew York University,$d2020.$5NNU
=650  \0$aSin$xIslam.
=650  \0$aReligious life$xShīʻah.
=650  \7$aReligious life$xShīʻah.$2fast$0(OCoLC)fst01094133
=650  \7$aSin$xIslam.$2fast$0(OCoLC)fst01119202
=710  2\$aPrinceton University.$bLibrary.
=730  0\$aArabic Collections Online.
=776  08$iPrint version:$aDastʹghayb, ʻAbd al-Ḥusayn.$tal-Dhunūb al-kabīrah$w(NjP)398993$w(OCoLC)22319608
=856  40$uhttp://hdl.handle.net/2333.1/ghx3fr20 
=880  1\$6100-01$aدست‍غيب، عبد الحسين. 
=880  10$6240-02$aگناهانا كبيرة.$lارب
=880  12$6245-03$aالذنوب الكبيرة /$cعبد الحسين دستغيب شيرازي ؛ ترجمة صدر الدين القبانچي.
=880  \\$6260-04$aقم :$bدار الكتاب،$c1404 [1983 or 1984]
=959  \\$aNNU$bWEB$cGENI$t0$mElectronic access$s01
=999  \\$iNjP_398993$o(OCoLC)ocm22319608$sprinceton_aco002911:q.1$sprinceton_aco002910:q.2$e(ERROR-880)$sprinceton_aco002911:q.1$sprinceton_aco002910:q.2

