=LDR  02816nam a2200481Mi 4500
=001  592213
=003  NjP
=006  m\\\\\\\\d\\\\\\\\
=007  cr\cn\|||m|||a
=008  200430s1978\\\\ir\ah\\\ob\\\\000\0\ara\d
=040  \\$aZYU$bara$erda$cZYU
=041  0\$aara$bper
=050  \4$aBP286.1$b.N3
=100  1\$6880-01$aNarāqī, Muḥammad Mahdī ibn Abī Z̲arr,$d-1794 or 1795.
=245  13$6880-02$aal-Lumʻah al-ilāhīyah wa al-kalimāt al-wajīzah /$ctaʼlīf-i Mullā Muḥammad Mahdī Narāqī ; bā taʻlīq va taṣḥīḥ va muqaddamah-i Jalāl al-Dīn Āshtiyānī ; pīshguftār-i Ḥasan Narāqī.
=260  \\$6880-03$a[Mashhad] :$bAnjuman-i Falsafah,$c1357 [1978]
=300  \\$aonline resource (56, 155 pages) :$billustrations
=336  \\$atext$2rdacontent
=337  \\$acomputer$2rdamedia
=338  \\$aonline resource$2rdacarrier
=500  \\$aText in Arabic; introd. (p. [I]-LVI) and biography of M. Narāqī (p. 1-47) in Persian.
=500  \\$aPart of the Arabic Collections Online (ACO) project, contributed by Princeton University Libraries.
=504  \\$aIncludes bibliographical references.
=533  \\$aElectronic reproduction.$bNew York, N.Y. :$cNew York University,$d2020.$5NNU
=600  10$aNarāqī, Muḥammad Mahdī ibn Abī Z̲arr,$d-1794 or 1795.
=650  \0$aIslam$xDoctrines$vEarly works to 1800.
=650  \0$aShīʻah$xEssence, genius, nature$vEarly works to 1800.
=600  17$aNarāqī, Muḥammad Mahdī ibn Abī Z̲arr,$d-1794 or 1795.$2fast$0(OCoLC)fst01836823
=650  \7$aIslam$xDoctrines.$2fast$0(OCoLC)fst00979787
=650  \7$aShīʻah$xEssence, genius, nature.$2fast$0(OCoLC)fst01117951
=655  \7$aEarly works.$2fast$0(OCoLC)fst01411636
=700  1\$6880-04$aĀshtiyānī, Jalāl al-Dīn.
=710  2\$aPrinceton University.$bLibrary.
=730  0\$aArabic Collections Online.
=752  \\$aIran$dMashhad.
=776  08$iPrint version:$aNarāqī, Muḥammad Mahdī ibn Abī Z̲arr, -1794 or 1795.$tal-Lumʻah al-ilāhīyah wa al-kalimāt al-wajīzah$w(NjP)592213$w(OCoLC)43061318
=856  40$uhttp://hdl.handle.net/2333.1/j6q57dbx 
=880  1\$6100-01$aنراقي، محمد مهدي بن ابي ذر,$d-1794 or 1795
=880  12$6245-02$aاللمعة الإلهية والکلمات الوجيزة /$cتأليف ملا محمد مهدى نراقى ؛ با تعليق و تصحيح ومقدمه جلال الدين آشتيانى ؛ پيشگقتار حسن نراقى.
=880  \\$6260-03$a[مشهد] :$bانجمن فلسفه وعرفان اسلامى، $c1357 [1978]
=880  1\$6700-04$aآشتيانى، جلال الدين.
=959  \\$aNNU$bWEB$cGENI$t0$mElectronic access$s01
=999  \\$iNjP_592213$o(OCoLC)ocm43061318$sprinceton_aco003800:$e(ERROR-880)$sprinceton_aco003800:

