=LDR  01889nam a2200385Mi 4500
=001  2837122
=003  NjP
=006  m\\\\\\\\d\\\\\\\\
=007  cr\cn\|||m|||a
=008  200430s1947\\\\sy\ac\\\o\\\\f000\0\ara\d
=040  \\$aZYU$bara$erda$cZYU
=043  \\$aa-sy---
=050  00$aHD4277.5$b.S95 1947
=245  03$6880-01$aal-ʻAhd al-waṭanī fī thalāth sanawāt, 1944-1945-1946.
=260  \\$6880-02$aDimashq :$bal-Jumhūrīyah al-ʻArabīyah al-Sūrīyah, Wizārat al-Ashghāl al-ʻĀmmah wa-al-Muwāṣalāt,$c[1947]
=300  \\$aonline resource (272 pages) :$billustrations, portrait
=336  \\$atext$2rdacontent
=337  \\$acomputer$2rdamedia
=338  \\$aonline resource$2rdacarrier
=500  \\$aPart of the Arabic Collections Online (ACO) project, contributed by Princeton University Libraries.
=533  \\$aElectronic reproduction.$bNew York, N.Y. :$cNew York University,$d2020.$5NNU
=651  \0$aSyria$xEconomic conditions.
=651  \0$aSyria$xSocial conditions.
=650  \7$aEconomic history.$2fast$0(OCoLC)fst00901974
=650  \7$aSocial conditions$2fast$0(OCoLC)fst01919811
=651  \7$aSyria.$2fast$0(OCoLC)fst01208757
=710  2\$aPrinceton University.$bLibrary.
=730  0\$aArabic Collections Online.
=752  \\$aSyria$dDamascus.
=776  08$iPrint version:$tal-ʻAhd al-waṭanī fī thalāth sanawāt, 1944-1945-1946$w(NjP)2837122$w(DLC)   79971091 $w(OCoLC)47247531
=856  40$uhttp://hdl.handle.net/2333.1/7d7wmcx8 
=880  02$6245-01$aالعهد الوطني في ثلاث سنوات، 1944-1945-1946.
=880  \\$6260-02$aدمشق :$bالجمهورية العربية السورية، وزارة الاشغال العامة والمواصلات،$c[1947]
=959  \\$aNNU$bWEB$cGENI$t0$mElectronic access$s01
=999  \\$iNjP_2837122$o(OCoLC)ocm47247531$sprinceton_aco002010$e(ERROR-880)$sprinceton_aco002010

