=LDR  02184nam a2200385Mi 4500
=001  499174
=003  NjP
=006  m\\\\\\\\d\\\\\\\\
=007  cr\cn\|||m|||a
=008  200430s1982\\\\ir\\\\\\o\\\\\000\0\ara\d
=040  \\$aZYU$bara$erda$cZYU
=050  \4$aDS35.7$b.N348 1982
=110  2\$6880-01$aMunaẓẓamat al-Iʻlām al-Islāmī, Qism al-ʻAlāqāt al-Dawlīyah.
=245  10$6880-02$aNaḥwa al-waḥdah al-Islāmīyah /$ciʻdād wa-taqdīm Munaẓẓamat al-Iʻlām al-Islāmī, Qism al-ʻAlāqāt al-Dawlīyah.
=250  \\$6880-03$aal-Ṭabʻah 2, munaqqaḥah wa-mazīdah.
=260  \\$6880-04$aṬahrān :$bMunaẓẓamat al-Iʻlām al-Islāmī, Qism al-ʻAlāqāt al-Dawlīyah,$c1403 [1982 or 1983]
=300  \\$aonline resource (69 pages)
=336  \\$atext$2rdacontent
=337  \\$acomputer$2rdamedia
=338  \\$aonline resource$2rdacarrier
=500  \\$aPart of the Arabic Collections Online (ACO) project, contributed by Princeton University Libraries.
=533  \\$aElectronic reproduction.$bNew York, N.Y. :$cNew York University,$d2020.$5NNU
=650  \0$aPanislamism.
=650  \0$aUlama$xViews on panislamism.
=650  \7$aPanislamism.$2fast$0(OCoLC)fst01052127
=710  2\$aPrinceton University.$bLibrary.
=730  0\$aArabic Collections Online.
=776  08$iPrint version:$aMunaẓẓamat al-Iʻlām al-Islāmī, Qism al-ʻAlāqāt al-Dawlīyah.$tNaḥwa al-waḥdah al-Islāmīyah$w(NjP)499174$w(OCoLC)33856655
=856  40$uhttp://hdl.handle.net/2333.1/18932815 
=880  2\$6110-01$aمنظمة الاعلام الاسلامي، قسم العلاقات الدولية.
=880  10$6245-02$aنحو الوحدة الاسلامية /$cاعداد وتقديم منظمة الاعلام الاسلامي، قسم العلاقات الدولية.
=880  \\$6250-03$aالطبعة 2، منقحة ومزيدة.
=880  \\$6260-04$aطهران :$bمنظمة الاعلام الاسلامي، قسم العلاقات الدولية،$c1403 [1982 or 1983]
=959  \\$aNNU$bWEB$cGENI$t0$mElectronic access$s01
=999  \\$iNjP_499174$o(OCoLC)ocm33856655$sprinceton_aco003999:$e(ERROR-880)$sprinceton_aco003999:

