=LDR  01865nam a2200385Mi 4500
=001  5339796
=003  NjP
=006  m\\\\\\\\d\\\\\\\\
=007  cr\cn\|||m|||a
=008  200430s1955\\\\ua\\\\\\ob\\\\000\0\ara\d
=040  \\$aZYU$bara$erda$cZYU
=043  \\$af-ua---
=050  \4$aHG3883.E3$bS242 1955
=100  1\$6880-01$aSaʻīd, Jamāl al-Dīn Muḥammad.
=245  10$6880-02$aMushkilat mīzān al-madfūʻāt fī Miṣr /$ctaʼlīf Jamāl al-Dīn Muḥammad Saʻīd.
=260  \\$6880-03$a[Cairo] :$bMaṭbaʻat al-Lajnat al-Bayān al-ʻArabī,$c1955.
=300  \\$aonline resource (43 pages)
=336  \\$atext$2rdacontent
=337  \\$acomputer$2rdamedia
=338  \\$aonline resource$2rdacarrier
=500  \\$aPart of the Arabic Collections Online (ACO) project, contributed by Princeton University Libraries.
=504  \\$aIncludes bibliographical references.
=533  \\$aElectronic reproduction.$bNew York, N.Y. :$cNew York University,$d2020.$5NNU
=650  \0$aBalance of payments$zEgypt.
=650  \7$aBalance of payments.$2fast$0(OCoLC)fst00825672
=651  \7$aEgypt.$2fast$0(OCoLC)fst01208755
=710  2\$aPrinceton University.$bLibrary.
=730  0\$aArabic Collections Online.
=776  08$iPrint version:$aSaʻīd, Jamāl al-Dīn Muḥammad.$tMushkilat mīzān al-madfūʻāt fī Miṣr$w(NjP)5339796$w(OCoLC)185037061
=856  40$uhttp://hdl.handle.net/2333.1/573n640f 
=880  1\$6100-01$aسعيد، جمال الدين محمد.
=880  10$6245-02$aمشكلة ميزان المدفوعات في مصر /$cتأليف جمال الدين محمد سعيد.
=880  \\$6260-03$a[القاهرة] :$bمطبعة اللجنة البيان العربي،$c1955.
=959  \\$aNNU$bWEB$cGENI$t0$mElectronic access$s01
=999  \\$iNjP_5339796$o(OCoLC)ocn185037061$sprinceton_aco003661:$sprinceton_aco003661:

