=LDR  02385nam a2200445Mi 4500
=001  1071945
=003  NjP
=006  m\\\\\\\\d\\\\\\\\
=007  cr\cn\|||m|||a
=008  200430s1990\\\\ir\\\\\\ob\\\\000\0bara\d
=040  \\$aZYU$bara$erda$cZYU
=041  1\$aara$hper
=050  \4$aBP193.17$b.I425 1990
=245  03$6880-01$aal-Imām al-sābiʻ, Mūsá ibn Jaʻfar, ʻalayhi al-salām /$cbi-qalam Lajnat al-Taʼlīf li-Muʼassasat Fī Ṭarīq al-Ḥaqq ; tarjamat ilá al-lughah al-ʻArabīyah Muḥammad ʻAbd al-Munʻim al-Khāqānī.
=250  \\$6880-02$aal-Ṭabʻah 1.
=260  \\$6880-03$aQum :$bMuʼassasat Fī Ṭarīq al-Ḥaqq,$c1369 [1990]
=300  \\$aonline resource (55 pages)
=336  \\$atext$2rdacontent
=337  \\$acomputer$2rdamedia
=338  \\$aonline resource$2rdacarrier
=500  \\$aTranslated from the Persian.
=500  \\$aPart of the Arabic Collections Online (ACO) project, contributed by Princeton University Libraries.
=504  \\$aIncludes bibliographical references.
=533  \\$aElectronic reproduction.$bNew York, N.Y. :$cNew York University,$d2020.$5NNU
=600  00$aMūsá al-Kāẓim ibn Jaʻfar,$d745?-799.
=650  \0$aImams (Shiites)$vBiography.
=600  07$aMūsá al-Kāẓim ibn Jaʻfar,$d745?-799$2fast$0(OCoLC)fst00160385
=650  \7$aImams (Shiites)$2fast$0(OCoLC)fst00967650
=655  \7$aBiographies.$2fast$0(OCoLC)fst01919896
=710  2\$6880-04$aDar Rāh-i Ḥaqq (Institute).$bHayʼat-i Taḥrīrīyah.
=710  2\$aPrinceton University.$bLibrary.
=730  0\$aArabic Collections Online.
=776  08$iPrint version:$tal-Imām al-sābiʻ, Mūsá ibn Jaʻfar, ʻalayhi al-salām$w(NjP)1071945$w(OCoLC)35185541
=856  40$uhttp://hdl.handle.net/2333.1/qbzkhb2s 
=880  02$6245-01$aالامام السابع، موسى بن جعفر، عليه السلام /$cبقلم لجنة التأليف لمؤسسة في طريق الحق ؛ ترجمة الى اللغة العربية محمد عبد المنعم الخاقاني.
=880  \\$6250-02$aالطبعة 1.
=880  \\$6260-03$aقم :$bمؤسسة في طريق الحق،$c1369 [1990]
=880  2\$6710-04$aدر راه حق.$bهيئت تحرىرية.
=959  \\$aNNU$bWEB$cGENI$t0$mElectronic access$s01
=999  \\$iNjP_1071945$o(OCoLC)ocm35185541$sprinceton_aco004018:$e(ERROR-880)$sprinceton_aco004018:

