=LDR  03130nam a2200565Mi 4500
=001  614829
=003  NjP
=006  m\\\\\\\\d\\\\\\\\
=007  cr\cn\|||m|||a
=008  200504s1989\\\\ir\a\\\\ob\\\\000\0\arard
=040  \\$aZYU$bara$erda$cZYU
=090  \\$aBP156.T88$bM88 1989
=100  1\$6880-01$aṬūsī, Muḥammad ibn al-Ḥasan,$d995-1067?
=240  10$6880-02$aKhilāf.$kSelections
=245  13$6880-03$aal-Muʼtalaf min al-mukhtalif bayna aʼimmah al-salaf wa-huwa Muntakhab al-Khilāf /$clil-Faḍl ibn al-Ḥasan al-Ṭabarsī ; ḥaqqaqahu wa-qābalahu jamʻ min al-asātidhah ; rājaʻahu Mahdī al-Rajāʼī.
=246  3\$6880-04$aMuntakhab al-Khilāf
=250  \\$6880-05$aal-Ṭabʻah 1.
=260  \\$6880-06$aMashhad, Īrān :$bMajmaʻ al-Buḥūth al-Islāmīyah,$c1410 [1989 or 1990]
=300  \\$aonline resource (2 volumes) :$billustrations
=336  \\$atext$2rdacontent
=337  \\$acomputer$2rdamedia
=338  \\$aonline resource$2rdacarrier
=500  \\$aTitle page partially vocalized.
=500  \\$aRunning title: Muntakhab al-Khilāf.
=500  \\$aPart of the Arabic Collections Online (ACO) project, contributed by Princeton University Libraries.
=504  \\$aIncludes bibliographical references.
=533  \\$aElectronic reproduction.$bNew York, N.Y. :$cNew York University,$d2020.$5NNU
=650  \0$aIslamic law$xInterpretation and construction$vEarly works to 1800.
=650  \0$aShiites.
=650  \7$aIslamic law$xInterpretation and construction.$2fast$0(OCoLC)fst00979955
=650  \7$aShiites.$2fast$0(OCoLC)fst01115976
=655  \7$aEarly works.$2fast$0(OCoLC)fst01411636
=700  1\$6880-07$aṬabarsī, al-Faḍl ibn al-Ḥasan,$d-1153.
=700  1\$6880-08$aRajāʼī, Mahdī.
=710  2\$aPrinceton University.$bLibrary.
=730  0\$aArabic Collections Online.
=740  0\$6880-09$aMuntakhab al-Khilāf.
=776  08$iPrint version:$aṬūsī, Muḥammad ibn al-Ḥasan, 995-1067?$tal-Muʼtalaf min al-mukhtalif bayna aʼimmah al-salaf wa-huwa Muntakhab al-Khilāf$w(NjP)614829$w(OCoLC)23697192
=856  40$uhttp://hdl.handle.net/2333.1/8gththw9 
=880  1\$6100-01$aطوسي، محمد بن الحسن،$d995-1067?
=880  10$6240-02$aخلاف.$kمختارات
=880  12$6245-03$aالمؤتلف من المختلف بين الأئمة السلف وهو منتخب الخلاف /$cللفقيه أمين الاسلام فضل بن الحسن الطبرسي ؛ حققه وقابله جمع من الاساتذة ؛ راجعه مهدي الرجائي.
=880  3\$6246-04$aمنتخب الخلاف
=880  \\$6250-05$aالطبعة 1.
=880  \\$6260-06$aمشهد، ايران :$bمجمع البحوث الاسلامية،$c1410 [1989 or 1990]
=880  1\$6700-07$aطبرسي، الفضل بن الحسن،$d-1153.
=880  1\$6700-08$aرجائي، مهدي.
=880  0\$6740-09$aمنتخب الخلاف.
=959  \\$aNNU$bWEB$cGENI$t0$mElectronic access$s01
=999  \\$iNjP_614829$o(OCoLC)ocm23697192$sprinceton_aco001930$sprinceton_aco001931$e(ERROR-880)$sprinceton_aco001930$sprinceton_aco001931

