=LDR  02264nam a2200409Mi 4500
=001  836665
=003  NjP
=006  m\\\\\\\\d\\\\\\\\
=007  cr\cn\|||m|||a
=008  200504s1880\\\\ua\\\\\\o\\\\\000\0\ara\d
=040  \\$aZYU$bara$erda$cZYU
=050  14$aPJ7803.M335$bA5 1880
=100  1\$6880-01$aMāwardī, ʻAlī ibn Muḥammad,$d974?-1058.
=240  10$6880-02$aAḥkām al-sulṭānīyah
=245  10$6880-03$aKitāb al-Aḥkām al-sulṭānīyah /$ctaʼlīf Abī al-Ḥasan ʻAlī ibn Muḥammad ibn Ḥabīb al-Baṣrī al-Baghdādī.
=246  3\$6880-04$aAḥkām al-sulṭānīyah
=260  \\$6880-05$aMiṣr :$bMaṭbaʻat al-Waṭan,$c1298 [1880 or 1881]
=300  \\$aonline resource (246 pages)
=336  \\$atext$2rdacontent
=337  \\$acomputer$2rdamedia
=338  \\$aonline resource$2rdacarrier
=500  \\$aPart of the Arabic Collections Online (ACO) project, contributed by Princeton University Libraries.
=533  \\$aElectronic reproduction.$bNew York, N.Y. :$cNew York University,$d2020.$5NNU
=650  \0$aPublic law (Islamic law)
=650  \7$aPublic law (Islamic law)$2fast$0(OCoLC)fst01082630
=710  2\$aPrinceton University.$bLibrary.
=730  0\$aArabic Collections Online.
=776  08$iOnline version:$aMāwardī, ʻAlī ibn Muḥammad, 974?-1058.$sAḥkām al-sulṭānīyah.$tKitāb al-Aḥkām al-sulṭānīyah.$dMiṣr : Maṭbaʻat al-Waṭan, 1298 [1880 or 1881]$w(OCoLC)775837946
=776  08$iPrint version:$aMāwardī, ʻAlī ibn Muḥammad, 974?-1058.$tKitāb al-Aḥkām al-sulṭānīyah$w(NjP)836665$w(OCoLC)28931065
=856  40$uhttp://hdl.handle.net/2333.1/98sf7wpf 
=880  1\$6100-01$a‏ماوردي، علي بن محمد.
=880  10$6240-02$aأحكام السلطانية
=880  10$6245-03$a‏كتاب أحكام السلطانية /‏$c‏تأليف أبي الحسن علي بن محمد بن حبيب البصري البغدادي.
=880  3\$6246-04$aاحكام السلطانية
=880  \\$6260-05$a‏مصر :‏$b‏مطبعة الوطن،‏$c‏1298 [1880 أو 1881]
=959  \\$aNNU$bWEB$cGENI$t0$mElectronic access$s01
=999  \\$iNjP_836665$o(OCoLC)ocm28931065$sprinceton_aco004135:$e(ERROR-880)$sprinceton_aco004135:

