=LDR  01649nam a2200349Mi 4500
=001  4104066
=003  NjP
=006  m\\\\\\\\d\\\\\\\\
=007  cr\cn\|||m|||a
=008  200626q19611962su\\\\\\o\\\\\000\0\ara\\
=024  7\$aprinceton_aco002944$2local
=040  \\$aZYU$bara$cZYU
=100  1\$6880-01$aAḥmadī, Nuʻmān Zakī.
=245  13$6880-02$aal-Qaḍāʾ wa-al-qadar$h[electronic resource] :$bdafʻ al-yāʾs, rafʻ al-shak /$cNuʻmān Zakī al-Aḥmadī.
=250  \\$6880-03$aal-Ṭabʻah 1.
=260  \\$6880-04$aMakkah :$b[s.n.,$c1961-1962]
=300  \\$aonline resource (63 p.)
=500  \\$aPart of the Arabic Collections Online (ACO) project, contributed by Princeton University Libraries.
=533  \\$aElectronic reproduction.$bNew York, N.Y. :$cNew York University,$d2020.$5NNU
=650  \0$aFate and fatalism$xReligious aspects$xIslam.$0http://id.loc.gov/authorities/subjects/sh90003007
=710  2\$aPrinceton University.$bLibrary.
=730  0\$aArabic Collections Online.
=776  08$iPrint version:$aAḥmadī, Nuʻmān Zakī.$tal-Qaḍāʾ wa-al-qadar$w(NjP)4104066
=856  40$uhttp://hdl.handle.net/2333.1/bk3j9w2f 
=880  1\$6100-01$aاحمدي، نعمان زكي.
=880  12$6245-02$aالقضاء والقدر :$bدفع اليأس، رفع الشك /$cنعمان زكي الاحمدي.
=880  \\$6250-03$aالطبعة 1.
=880  \\$6260-04$aمكة :$b[س.ن.،$c1961-1962]
=902  \\$ajab$br$7m$dv$f0$e20040225
=959  \\$a2009-06-29 12:42:59 -0500
=959  \\$aNNU$bWEB$cGENI$t0$mElectronic access$s01
=999  \\$iNjP_4104066$sprinceton_aco002944$e(ERROR-MISC)$sprinceton_aco002944

