=LDR  01530nam a2200337Mi 4500
=001  861346
=003  NjP
=006  m\\\\\\\\d\\\\\\\\
=007  cr\cn\|||m|||a
=008  200626s1867\\\\ua\\\\\\o\\\\\00\\0\ara\d
=024  7\$aprinceton_aco004214$2local
=040  \\$aZYU$bara$cZYU
=100  1\$6880-01$aLāz, Muḥammad.
=245  10$6880-02$aQānūn taʻlīm madāfiʻ al-ḥiṣār$h[electronic resource] /$cMuḥammad Afandī Lāz.
=260  \\$6880-03$aMiṣr :$bMaṭbaʻat al-Khudaywīyah,$c1867.
=300  \\$aonline resource (76 p. ;24 cm.)
=500  \\$aPart of the Arabic Collections Online (ACO) project, contributed by Princeton University Libraries.
=533  \\$aElectronic reproduction.$bNew York, N.Y. :$cNew York University,$d2020.$5NNU
=650  \0$aOrdnance.$0http://id.loc.gov/authorities/subjects/sh85095395
=710  2\$aPrinceton University.$bLibrary.
=730  0\$aArabic Collections Online.
=776  08$iPrint version:$aLāz, Muḥammad.$tQānūn taʻlīm madāfiʻ al-ḥiṣār$w(NjP)861346
=856  40$uhttp://hdl.handle.net/2333.1/79cnpg4x 
=880  1\$6100-01$aلاز، محمد.
=880  10$6245-02$aقانون تعليم مدافع الحصار /$cمحمد افندي لاز.
=880  \\$6260-03$aمصر :$bمطبعة الخديوية،$c1867.
=911  \\$a19940210
=912  \\$a19990721052603.0
=959  \\$a2000-06-13 00:00:00 -0500
=959  \\$aNNU$bWEB$cGENI$t0$mElectronic access$s01
=999  \\$iNjP_861346$sprinceton_aco004214:$e(ERROR-MISC)$sprinceton_aco004214:

