=LDR  01653nam a2200361Mi 4500
=001  7013897
=003  NjP
=006  m\\\\\\\\d\\\\\\\\
=007  cr\cn\|||m|||a
=008  200626q1922\\\\le\\\\\\o\\\\\000\0\ara\d
=024  7\$aprinceton_aco004304$2local
=040  \\$aZYU$bara$cZYU
=100  1\$6880-01$aNamsawī, Krīstūf Shamīd.
=245  10$6880-02$aKitāb riwāyat Junfiyāf$h[electronic resource] /$ctaʾlīf Krīstūf Shamīd ʾal-Namsawī ; mutarjamah bi-qalam Mīkhāʾīl Jahshān.
=246  11$6880-03$aRiwāyat Junfiyāf
=260  \\$6880-04$aBayrūt :$bMaktabat Ṣādir,$c1922?.
=300  \\$aonline resource (148 p)
=500  \\$aPart of the Arabic Collections Online (ACO) project, contributed by Princeton University Libraries.
=533  \\$aElectronic reproduction.$bNew York, N.Y. :$cNew York University,$d2020.$5NNU
=650  \0$aTales.
=710  2\$aPrinceton University.$bLibrary.
=730  0\$aArabic Collections Online.
=776  08$iPrint version:$aNamsawī, Krīstūf Shamīd.$tKitāb riwāyat Junfiyāf$w(NjP)7013897
=856  40$uhttp://hdl.handle.net/2333.1/brv15qhd 
=880  1\$6100-01$aنمسوي، كريستوف شميد.
=880  10$6245-02$aكتاب رواية جنفياف / تاليف كريستوف شميد.
=880  11$6246-03$aرواية جنفياف
=880  \\$6260-04$aبيروت :$bمكتبة صادر،$c1922؟.
=904  \\$ajab$bg$hn$cb$e20120313
=902  \\$ajab$bo$7m$dv$f1$e20120313
=959  \\$a2012-03-13 11:07:35 -0500
=959  \\$aNNU$bWEB$cGENI$t0$mElectronic access$s01
=999  \\$iNjP_7013897$sprinceton_aco004304:$e(ERROR-MISC)$sprinceton_aco004304:

