=LDR  02039nam a2200397Mi 4500
=001  2850924
=003  NjP
=006  m\\\\\\\\d\\\\\\\\
=007  cr\cn\|||m|||a
=008  200626s1960\\\\sy\ab\\\ob\\\\000\0\ara\\
=024  7\$aprinceton_aco002183$2local
=040  \\$aZYU$bara$cZYU
=043  \\$aa-sy---
=100  1\$6880-01$aʻIshsh, Abū al-Faraj.
=245  10$6880-02$aĀthārunā fī al-Iqlīm al-Sūrī, al-Jumhūrīyah al-ʻArabīyah al-Muttaḥidah$h[electronic resource] :$bkitāb atharī siyāḥī muṣawwar /$ctaʾlīf Abū al-Faraj al-ʻIshsh.
=250  \\$6880-03$aal-Ṭabʻah 1.
=260  \\$6880-04$aDimashq :$bal-Maṭbaʻah al-Jadīdah,$c1960.
=300  \\$aonline resource (333 p.) :$bill., maps
=500  \\$aPart of the Arabic Collections Online (ACO) project, contributed by Princeton University Libraries.
=504  \\$aIncludes bibliographical references (p. 319-323).
=533  \\$aElectronic reproduction.$bNew York, N.Y. :$cNew York University,$d2020.$5NNU
=651  \0$aSyria$xAntiquities.$0http://id.loc.gov/authorities/subjects/sh85131693
=710  2\$aPrinceton University.$bLibrary.
=730  0\$aArabic Collections Online.
=776  08$iPrint version:$aʻIshsh, Abū al-Faraj.$tĀthārunā fī al-Iqlīm al-Sūrī, al-Jumhūrīyah al-ʻArabīyah al-Muttaḥidah$w(NjP)2850924$w(DLC)ne 68002301 
=856  40$uhttp://hdl.handle.net/2333.1/44j1001f 
=880  1\$6100-01$aعاش، ابو الفرج.
=880  10$6245-02$aآثارنا في الاقليم السوري، الجمهورية العربية المتحدة :$bكتاب اثري سياحي مصور /$cتأليف ابو الفرج العش.
=880  \\$6250-03$aالطبعة 1.
=880  \\$6260-04$aدمشق :$bالمطبعة الجديدة،$c1960.
=948  \\$ajab/con
=911  \\$a20000401
=912  \\$a20000403040137.0
=959  \\$a2009-06-30 13:25:07 -0400
=959  \\$aNNU$bWEB$cGENI$t0$mElectronic access$s01
=999  \\$iNjP_2850924$sprinceton_aco002183$e(ERROR-MISC)$sprinceton_aco002183

