=LDR  02364nam a2200433Mi 4500
=001  2844465
=003  NjP
=006  m\\\\\\\\d\\\\\\\\
=007  cr\cn\|||m|||a
=008  200626s1969\\\\iq\\\\\\o\\\\\000\0\ara\\
=024  7\$aprinceton_aco003979$2local
=040  \\$aZYU$bara$cZYU
=043  \\$aa-iq---
=110  1\$6880-01$aIraq.$0http://id.loc.gov/authorities/names/n79077342
=245  13$6880-02$aal-Aḥwāl al-shakhṣīyah wa-idārat amwāl al-qāṣirīn$h[electronic resource] /$cAshrafa ʻalá ṭabʻihi Kāmil al-Sāmarrāʾī.
=260  \\$6880-03$aBaghdād :$bal-Maktabah al-Ahlīyah,$c1969.
=300  \\$aonline resource (128 p.)
=490  1\$6880-04$aMajmūʻah al-dāʾimah lil-qawānīn wa-al-anẓimah al-ʻIrāqīyah al-muwaḥḥadah
=500  \\$aPart of the Arabic Collections Online (ACO) project, contributed by Princeton University Libraries.
=533  \\$aElectronic reproduction.$bNew York, N.Y. :$cNew York University,$d2020.$5NNU
=650  \0$aPersons (Law)$zIraq.
=700  1\$6880-05$aSāmarrāʾī, Kamāl.
=710  2\$aPrinceton University.$bLibrary.
=730  0\$aArabic Collections Online.
=776  08$iPrint version:$aIraq. http://id.loc.gov/authorities/names/n79077342$tal-Aḥwāl al-shakhṣīyah wa-idārat amwāl al-qāṣirīn$w(NjP)2844465$w(DLC) 73960316   E
=830  \0$6880-06$aMajmūʻah al-dāʾimah lil-qawānīn wa-al-anẓimah al-ʻIrāqīyah al-muwaḥḥadah.
=856  40$uhttp://hdl.handle.net/2333.1/9kd51nt9 
=880  1\$6110-01$aالعراق.$0http://id.loc.gov/authorities/names/n79077342
=880  12$6245-02$aالاحوال الشخصية وادارة اموال القاصرين /$cاشرف على طبعه كامل السمرائي.
=880  \\$6260-03$aبغداد :$bالمكتبة الاهلية،$c1969.
=880  1\$6490-04$aمجموعة الدائمة للقوانين والانظمة العراقية الموحدة
=880  1\$6700-05$aسمرائي، كامل.
=880  \0$6830-06$aمجموعة الدائمة للقوانين والانظمة العراقية الموحدة.
=948  \\$ajab/con
=911  \\$a20000311
=912  \\$a20000313030756.0
=959  \\$a2003-07-17 12:17:43 -0400
=959  \\$aNNU$bWEB$cGENI$t0$mElectronic access$s01
=999  \\$iNjP_2844465$sprinceton_aco003979:$e(ERROR-MISC)$sprinceton_aco003979:

