=LDR  02783nam a2200481Mi 4500
=001  4599837
=003  NjP
=006  m\\\\\\\\d\\\\\\\\
=007  cr\cn\|||m|||a
=008  200626s1956\\\\iq\\\\\\ob\\\\000\0\ara\d
=020  \\$z1590080246
=024  7\$aprinceton_aco002819$2local
=040  \\$aZYU$bara$cZYU
=041  0\$aara$beng
=043  \\$aa-iq---
=100  1\$6880-01$aMullā ʻAlī, ʻAbbās,$d1828 or 1829-1859.$0http://id.loc.gov/authorities/names/n92112911
=240  10$aWorks.$f1956
=245  10$6880-02$aDīwān al-Shaykh ʻAbbās al-Mullā ʻAlī al-Baghdādī al-Najafī al-mutawaffá (1276 H)$h[electronic resource] /$cjamaʻahu wa-qaddama la-hu wa-ʻallaqa ʻalayhi Muḥammad ʻAlī al-Yaʻqūbī.
=246  15$aPoems of Sheikh Abbas Mullah Ali al Baghdadi, al-Najafi
=260  \\$6880-03$aal-Najaf :$bal-Maṭbaʻat al-ʻIlmīyah,$c1956.
=300  \\$aonline resource (147 p.)
=490  1\$6880-04$aMakhṭūṭāt Maktabat al-Yaʻqūbī, qism al-dawāwīn ;$v1
=500  \\$aPart of the Arabic Collections Online (ACO) project, contributed by Princeton University Libraries.
=504  \\$aIncludes bibliographical references.
=533  \\$aElectronic reproduction.$bNew York, N.Y. :$cNew York University,$d2020.$5NNU
=546  \\$aAdded title page and introduction in English.
=655  \7$aPoetry.$2lcgft
=700  1\$6880-05$aYaʻqūbī, Muḥammad ʻAlī.
=710  2\$aPrinceton University.$bLibrary.
=730  0\$aArabic Collections Online.
=776  08$iPrint version:$aMullā ʻAlī, ʻAbbās, 1828 or 1829-1859. http://id.loc.gov/authorities/names/n92112911$tDīwān al-Shaykh ʻAbbās al-Mullā ʻAlī al-Baghdādī al-Najafī al-mutawaffá (1276 H)$w(NjP)4599837$z1590080246
=830  \0$6880-06$aMakhṭūṭāt Maktabat al-Yaʻqūbī, qism al-dawāwīn ;$v1.
=856  40$uhttp://hdl.handle.net/2333.1/vx0k6q9m 
=880  1\$6100-01$aملا علي، عباس،$d1828 or 1829-1859.$0http://id.loc.gov/authorities/names/n92112911
=880  10$6245-02$aديوان الشيخ عباس الملا علي البغدادي النجفي المتوفى (1276 ه) /$cجمعه وقدم له وعلق عليه محمد علي اليعقوبي.
=880  \\$6260-03$aالنجف :$bالمطبعة العلمية،$c1956.
=880  1\$6490-04$aمخطوطات مكتبة اليعقوبي، قسم الدواوين ؛$v1
=880  1\$6700-05$aيعقوبي، محمد علي.
=880  \0$6830-06$aمخطوطات مكتبة اليعقوبي، قسم الدواوين ؛$v1.
=902  \\$ajab$bo$7m$dv$f1$e20051006
=959  \\$a2005-10-06 11:43:24 -0500
=959  \\$aNNU$bWEB$cGENI$t0$mElectronic access$s01
=999  \\$iNjP_4599837$sprinceton_aco002819$e(ERROR-880)(ERROR-MISC)$sprinceton_aco002819

