=LDR  01819nam a2200385Mi 4500
=001  1796574
=003  NjP
=006  m\\\\\\\\d\\\\\\\\
=007  cr\cn\|||m|||a
=008  200626s1932\\\\ua\\\\\\o\\\\\000\0\ara\d
=024  7\$aprinceton_aco003983$2local
=040  \\$aZYU$bara$cZYU
=100  1\$6880-01$aḤammāmī, Muṣṭafá Abū Sayf.
=245  10$6880-02$aMuntahā amāl al-khuṭabāʾ wa-manar al-mustarshidīn al-nubalāʾ$h[electronic resource].
=260  \\$6880-03$aMiṣr :$bMaṭbaʻat Muṣṭafa al-Bābī al-Ḥalabi,$c[1932]
=300  \\$aonline resource (15, 496 p.)
=500  \\$aIn Arabic.
=500  \\$aVocalized.
=500  \\$aPart of the Arabic Collections Online (ACO) project, contributed by Princeton University Libraries.
=533  \\$aElectronic reproduction.$bNew York, N.Y. :$cNew York University,$d2020.$5NNU
=590  \\$aPrinceton (F) copy is photocopy.
=650  \0$aIslamic sermons.$0http://id.loc.gov/authorities/subjects/sh85068481
=710  2\$aPrinceton University.$bLibrary.
=730  0\$aArabic Collections Online.
=776  08$iPrint version:$aḤammāmī, Muṣṭafá Abū Sayf.$tMuntahā amāl al-khuṭabāʾ wa-manar al-mustarshidīn al-nubalāʾ$w(NjP)1796574$w(DLC)nuc87522476  
=856  40$uhttp://hdl.handle.net/2333.1/vhhmh1fv 
=880  1\$6100-01$aحمامي، مصطفى ابو سيف.
=880  10$6245-02$aمنتهى امال الخطباء ومنار المسترشدين النبلاء
=880  \\$6260-03$aمصر :$bمطبعة مصطفى البابي الحلبي،$c[1932]
=948  \\$aCON
=911  \\$a19980806
=912  \\$a19980629000000.0
=959  \\$a2000-06-13 00:00:00 -0400
=959  \\$aNNU$bWEB$cGENI$t0$mElectronic access$s01
=999  \\$iNjP_1796574$sprinceton_aco003983:$e(ERROR-MISC)$sprinceton_aco003983:

