=LDR  01467nam a2200325Mi 4500
=001  477974
=003  NjP
=006  m\\\\\\\\d\\\\\\\\
=007  cr\cn\|||m|||a
=008  200626s1955\\\\ir\\\\\\o\\\\\000\0\ara\d
=040  \\$aZYU$bara$erda$cZYU
=100  1\$6880-01$aKhurāsānī, Ḥusayn.
=245  13$6880-02$aal-Qurʼān huwa al-muʻjiz al-khālid /$cḤusayn al-Khurāsānī.
=260  \\$a[Iran] :$b[publisher not identified],$c[1955?]
=300  \\$aonline resource (1 volume (unpaged))
=336  \\$atext$2rdacontent
=337  \\$acomputer$2rdamedia
=338  \\$aonline resource$2rdacarrier
=500  \\$aPart of the Arabic Collections Online (ACO) project, contributed by Princeton University Libraries.
=533  \\$aElectronic reproduction.$bNew York, N.Y. :$cNew York University,$d2020.$5NNU
=630  00$aQurʼan.
=630  07$aQurʼan.$2fast$0(OCoLC)fst01842877
=710  2\$aPrinceton University.$bLibrary.
=730  0\$aArabic Collections Online.
=776  08$iPrint version:$aKhurāsānī, Ḥusayn.$tal-Qurʼān huwa al-muʻjiz al-khālid$w(NjP)477974$w(OCoLC)26188481
=856  40$uhttp://hdl.handle.net/2333.1/ngf1vt89 
=880  1\$6100-01$aخراساني، حسين.
=880  12$6245-02$aالقرآن هو المعجز الخالد /$cحسين الخراساني.
=959  \\$aNNU$bWEB$cGENI$t0$mElectronic access$s01
=999  \\$iNjP_477974$o(OCoLC)ocm26188481$sprinceton_aco002693$e(ERROR-880)(ERROR-MISC)$sprinceton_aco002693

