=LDR  02248nam a2200349Mi 4500
=001  3328101
=003  NjP
=006  m\\\\\\\\d\\\\\\\\
=007  cr\cn\|||m|||a
=008  200626s1922\\\\ua\\\\\\o\\\\\000\0\ara\d
=024  7\$aprinceton_aco004238$2local
=040  \\$aZYU$bara$cZYU
=043  \\$af-ua---
=110  1\$6880-01$aEgypt.$bMaḥkamat Miṣr al-Ibtidāʾīyah al-Sharʻīyah.$0http://id.loc.gov/authorities/names/no2001023209
=245  10$6880-02$aṢūrat qarār Maḥkamat Miṣr al-Ibtidāʾīyah al-Sharʻīyah bi-tārīkh 24 Māyū sanat 1922$h[electronic resource] :$bfī qaḍīyat waqf al-marḥūmah al-Amīrah Zaynab Hānim, karīmat al-marḥūm Muḥammad ʻAlī Bāshā wālī Miṣr al-asbaq.
=260  \\$6880-03$a[Egypt] :$bMuṣṭafá Niyāzī Bik,$c[1922?]
=300  \\$aonline resource (7 p.)
=500  \\$aPart of the Arabic Collections Online (ACO) project, contributed by Princeton University Libraries.
=533  \\$aElectronic reproduction.$bNew York, N.Y. :$cNew York University,$d2020.$5NNU
=600  00$aZaynab Hānim$xWill.
=650  \0$aWaqf$zEgypt.
=710  2\$aPrinceton University.$bLibrary.
=730  0\$aArabic Collections Online.
=776  08$iPrint version:$aEgypt. Maḥkamat Miṣr al-Ibtidāʾīyah al-Sharʻīyah. http://id.loc.gov/authorities/names/no2001023209$tṢūrat qarār Maḥkamat Miṣr al-Ibtidāʾīyah al-Sharʻīyah bi-tārīkh 24 Māyū sanat 1922$w(NjP)3328101
=856  40$uhttp://hdl.handle.net/2333.1/j0zpcjxx 
=880  1\$6110-01$aمصر .$bمحكمة مصر الابتدائية الشرعية$0http://id.loc.gov/authorities/names/no2001023209
=880  10$6245-02$aصورة قرار محكمة مصر الابتدائية الشرعية بتاريخ 24 مايوا سنة 1922 :$bفي قضية وقف المرحومة الاميرة زينب هانم، كريمة المرحوم محمد علي باشا والي مصر الاسبق.
=880  \\$6260-03$a[مصر] :$bمصطفى نيازي بك،$c[1922؟]
=902  \\$ajeb$cb$dv$f1$sm$bo$e20010322
=959  \\$a2001-03-22 09:48:40 -0500
=959  \\$aNNU$bWEB$cGENI$t0$mElectronic access$s01
=999  \\$iNjP_3328101$sprinceton_aco004238:$e(ERROR-MISC)$sprinceton_aco004238:

