=LDR  01828nam a2200349Mi 4500
=001  2843990
=003  NjP
=006  m\\\\\\\\d\\\\\\\\
=007  cr\cn\|||m|||a
=008  200626s1958\\\\iq\\\\\\ob\\\\000\0\ara\d
=024  7\$aprinceton_aco003982$2local
=040  \\$aZYU$bara$cZYU
=110  2\$6880-01$aIraq.$tLaws, etc.$0http://id.loc.gov/authorities/names/n79077342
=245  13$6880-02$aal-Waqāíʻ al-ʻIrāqīyah$h[electronic resource] :$baham al-qawānīn al-ṣādirah fī ʻahd al-thawrah al-majīdah.
=260  \\$6880-03$a[Bagdad] :$bal-Jumhūrīyah al-ʻIrāqīyah, Maṭbaʻat al-Ḥukūmah,$c1958.
=300  \\$aonline resource (76 p.)
=500  \\$aPart of the Arabic Collections Online (ACO) project, contributed by Princeton University Libraries.
=504  \\$aIncludes bibliographical references.
=533  \\$aElectronic reproduction.$bNew York, N.Y. :$cNew York University,$d2020.$5NNU
=650  \0$aLaw$zIraq.
=710  2\$aPrinceton University.$bLibrary.
=730  0\$aArabic Collections Online.
=776  08$iPrint version:$aIraq. Laws, etc. http://id.loc.gov/authorities/names/n79077342$tal-Waqāíʻ al-ʻIrāqīyah$w(NjP)2843990$w(DLC)  67001659 
=856  40$uhttp://hdl.handle.net/2333.1/cfxpp5mn 
=880  2\$6110-01$aالعراق.$tقوانين، الخ.$0http://id.loc.gov/authorities/names/n79077342
=880  12$6245-02$aالوقائع العراقية :$bاهم القوانين الصادرة في عهد الثورة المجيدة.
=880  \\$6260-03$a[بغداد] :$bالجمهورية العراقية، مطبعة الحكومة،$c1958.
=948  \\$ajab/con
=911  \\$a20000310
=959  \\$a2000-06-13 00:00:00 -0400
=959  \\$aNNU$bWEB$cGENI$t0$mElectronic access$s01
=999  \\$iNjP_2843990$sprinceton_aco003982:$e(ERROR-MISC)$sprinceton_aco003982:

