=LDR  03209nam a2200481Mi 4500
=001  2795275
=003  NjP
=006  m\\\\\\\\d\\\\\\\\
=007  cr\cn\|||m|||a
=008  200626s1873\\\\mr\\\\\\o\\\\\000\0\ara\d
=024  7\$aprinceton_aco002266$2local
=040  \\$aZYU$bara$cZYU
=100  1\$6880-01$aTusūlī, ʻAlī ibn ʻAbd al-Salām,$d-1842 or 1843.$0http://id.loc.gov/authorities/names/nr92023342
=240  10$6880-02$aSharḥ ʻalá Tuḥfat al-ḥukkām
=245  10$6880-03$aQāla al-shaykh al-Imām al-ʻālim al-ʻallāmah al-humām khātimat al-muḥaqqiqīn ... Abū al-Ḥasan ʻAlī ibn ʻAbd al-Salām al-Tusūlī$h[electronic resource].
=246  1\$6880-04$iTitle from caption of v. 2:$aNiṣf al-thānī min Sharḥ al-ʻallāmah Sayyidī ʻAlī al-Dusūlī ʻalá Tuḥfat Ibn ʻĀṣim
=246  30$6880-05$aSharḥ al-ʻallāmah Sayyidī ʻAlī al-Dusūlī ʻalá Tuḥfat Ibn ʻĀṣim
=260  \\$6880-06$a[Fès] :$bal-Maṭbaʻah al-Fāsīyah,$c1289-1290 [1873]
=300  \\$aonline resource (2 v.)
=500  \\$aCaption title.
=500  \\$aPart of the Arabic Collections Online (ACO) project, contributed by Princeton University Libraries.
=533  \\$aElectronic reproduction.$bNew York, N.Y. :$cNew York University,$d2020.$5NNU
=600  10$aIbn ʻĀṣim, Muḥammad ibn Muḥammad,$d1359-1426.$tTuḥfat al-ḥukkām fī nukat al-ʻuqūd wa-al-aḥkām.$0http://id.loc.gov/authorities/names/nr99020835
=650  \0$aIslamic law.$0http://id.loc.gov/authorities/subjects/sh85068454
=655  \7$aLithographs$zMorocco$y1873$2gmgpc
=710  2\$aPrinceton University.$bLibrary.
=730  0\$aArabic Collections Online.
=776  08$iPrint version:$aTusūlī, ʻAlī ibn ʻAbd al-Salām, -1842 or 1843. http://id.loc.gov/authorities/names/nr92023342$tQāla al-shaykh al-Imām al-ʻālim al-ʻallāmah al-humām khātimat al-muḥaqqiqīn ... Abū al-Ḥasan ʻAlī ibn ʻAbd al-Salām al-Tusūlī$w(NjP)2795275
=856  40$uhttp://hdl.handle.net/2333.1/1c5b05qs 
=866  \0$03106835$a1-niṣf 2
=866  \0$03106835$xDESIGNATOR: niṣf
=880  1\$6100-01$aتسولي، علي بن عبد السلام،$d-1842 or 1843.$0http://id.loc.gov/authorities/names/nr92023342
=880  10$6240-02$aشرح على تحفة الحكام
=880  10$6245-03$aقال الشيخ الامام العالم العلامة الهمام خاتمة المحققين ... ابو الحسن علي بن عبد السلام التسولي.
=880  1\$6246-04$iTitle from caption of v. 2:$aنصف الثاني من شرح العلامة سيدي علي الدسولي على تحفة ابن عاصم
=880  30$6246-05$aشرح العلامة سيدي علي الدسولي على تحفة ابن عاصم
=880  \\$6260-06$a[فاس] :$bالمطبعة الفاسية،$c1289-1290 [1873]
=948  \\$ajeb
=911  \\$a20000216
=912  \\$a20000216055834.0
=959  \\$a2000-06-13 00:00:00 -0400
=959  \\$aNNU$bWEB$cGENI$t0$mElectronic access$s01
=999  \\$iNjP_2795275$sprinceton_aco002251:nisf 1$sprinceton_aco002266:nisf 2$e(ERROR-MISC)$sprinceton_aco002251:nisf 1$sprinceton_aco002266:nisf 2

