=LDR  02536nam a2200445Mi 4500
=001  2793437
=003  NjP
=006  m\\\\\\\\d\\\\\\\\
=007  cr\cn\|||m|||a
=008  200626q18901899mr\\\\\\o\\\\\000\0\ara\d
=024  7\$aprinceton_aco003019$2local
=040  \\$aZYU$bara$cZYU
=043  \\$af-mr---
=100  1\$6880-01$aIslāmī, ʻAbd al-Ḥaqq.
=245  13$6880-02$aal-Sayf al-mamdūd fī al-radd ʻalá aḥbār al-Yahūd$h[electronic resource] /$clil-Shaykh ʻAbd al-Ḥaqq al-Islāmī.
=246  1\$6880-03$iTitle from text on p. 3:$aḤusām al-mamdūd fī al-radd ʻalá al-Yahūd
=260  \\$a[Morocco :$bs.n.,$c189-?]
=300  \\$aonline resource (8, 8, 8 p.)
=500  \\$aPart of the Arabic Collections Online (ACO) project, contributed by Princeton University Libraries.
=533  \\$aElectronic reproduction.$bNew York, N.Y. :$cNew York University,$d2020.$5NNU
=590  \\$aFirestone copy bound with: Khatmah ʻalá Mukhtaṣar Khalīl / lil-muʾallifihā wa-jāmiʻihā Abī ʻAbd Allāh Maḥammad ibn Qāsim al-Qādirī. [Morocco : s.n.], 1322 [1904]. Bound together subsequent to publication.
=590  \\$aArab copy 1-2 BP189.55.I264 1900z bound with: Ḥizb. [Morocco : s.n., 190-?]. Bound together subsequent to publication.
=650  \0$aIslam$xRelations$xJudaism.$0http://id.loc.gov/authorities/subjects/sh87002556
=650  \0$aJudaism$xRelations$xIslam.$0http://id.loc.gov/authorities/subjects/sh87002536
=650  \0$aJews$zMorocco.$0http://id.loc.gov/authorities/subjects/sh85070475
=651  \0$aMorocco$xEthnic relations.$0http://id.loc.gov/authorities/subjects/sh2008115945
=655  \7$aLithographs$zMorocco$2gmgpc
=710  2\$aPrinceton University.$bLibrary.
=730  0\$aArabic Collections Online.
=776  08$iPrint version:$aIslāmī, ʻAbd al-Ḥaqq.$tal-Sayf al-mamdūd fī al-radd ʻalá aḥbār al-Yahūd$w(NjP)2793437
=856  40$uhttp://hdl.handle.net/2333.1/rr4xh74d 
=880  1\$6100-01$aاسلامي، عبد الحق.
=880  12$6245-02$aالسيف الممدود في الرد على احبار اليهود /$cللشيخ عبد الحق الاسلامي.
=880  1\$6246-03$iTitle from text on p. 3:$aحسام الممدود في الرد على اليهود
=948  \\$ajeb
=911  \\$a20000211
=912  \\$a20000322051550.0
=959  \\$a2000-06-13 00:00:00 -0500
=959  \\$aNNU$bWEB$cGENI$t0$mElectronic access$s01
=999  \\$iNjP_2793437$sprinceton_aco003019$e(ERROR-880)(ERROR-MISC)$sprinceton_aco003019

