=LDR  02353nam a2200361Mi 4500
=001  1484756
=003  NjP
=006  m\\\\\\\\d\\\\\\\\
=007  cr\cn\|||m|||a
=008  200626s1961\\\\iq\\\\\\ob\\\\000\0\ara\\
=024  7\$aprinceton_aco003124$2local
=040  \\$aZYU$bara$cZYU
=100  1\$6880-01$aʻAskarī, Najm al-Dīn Jaʻfar ibn Muḥammad.
=245  10$6880-02$aʻAlī wa-al-Khulafāʾ$h[electronic resource] :$byataḍammanu al-murājaʻāt ilá Amīr al-Muʾminīn ʻAlī fī ḥayāt al-Nabī wa-fī ʻaṣr al-Khulafāʾ min baʻdihi fī al-masāʾil al-mushkilah ḥasab mā waradahu ʻulamāʾ al-Sunnah fī muʾallafātihim al-maṭbūʻah wa-ghayr al-maṭbūʻah /$ctaʾlīf Najm al- Dīn al-Sharīf al-ʻAskarī.
=260  \\$6880-03$aal-Najaf :$bMaṭbaʻat al-Ādāb,$c[1961]
=300  \\$aonline resource (388 p.)
=500  \\$aPart of the Arabic Collections Online (ACO) project, contributed by Princeton University Libraries.
=504  \\$aIncludes bibliographical references (p. 382-388).
=533  \\$aElectronic reproduction.$bNew York, N.Y. :$cNew York University,$d2020.$5NNU
=600  00$aʻAlī ibn Abī Ṭālib,$cCaliph,$dapproximately 600-661.$0http://id.loc.gov/authorities/names/n50039100
=710  2\$aPrinceton University.$bLibrary.
=730  0\$aArabic Collections Online.
=776  08$iPrint version:$aʻAskarī, Najm al-Dīn Jaʻfar ibn Muḥammad.$tʻAlī wa-al-Khulafāʾ$w(NjP)1484756$w(DLC) 65000242 
=856  40$uhttp://hdl.handle.net/2333.1/jdfn37sv 
=880  1\$6100-01$aعسكري، نجم الدين جعفر بن محمد.
=880  10$6245-02$aعلي و الخلفاء :$bيتضمن المراجعات الى الأمام أمير المؤمنين علي في حياة النبي و في عصر الخلفاء من بعده في المسائل المشكلة حسب ما أورده علماء السنة في مؤلفاتهم المطبوعة و غير المطبوعة /$cتأليف نجم الدين الشريف العسكري.
=880  \\$6260-03$aالنجف :$bمطبعة الاداب،$c[1961]
=948  \\$ajab/con
=911  \\$a19980227
=912  \\$a20000407033834.0
=959  \\$a2000-06-13 00:00:00 -0400
=959  \\$aNNU$bWEB$cGENI$t0$mElectronic access$s01
=999  \\$iNjP_1484756$sprinceton_aco003124$e(ERROR-MISC)$sprinceton_aco003124

