=LDR  03857nam a2200493Mi 4500
=001  2795271
=003  NjP
=006  m\\\\\\\\d\\\\\\\\
=007  cr\cn\|||m|||a
=008  200626s1909\\\\mr\\\\\\o\\\\\000\0\ara\d
=040  \\$aZYU$bara$erda$cZYU
=100  1\$6880-01$aShinqīṭī, ʻAbd Allāh ibn Ibrāhīm,$d-1814 or 1815.
=240  10$6880-02$aNashr al-bunūd ʻalá Marāqī al-suʻūd
=245  13$6880-03$aal-Juzʼ al-awwal[-al-juzʼ al-thālith] min Nashr al-bunūd ʻalá Marāqī al-suʻūd /$clil-Shaykh ʻAbd Allāh ibn Ibrāhīm al-ʻAlawī al-Shinjīṭī. Wa-bi-hāmishihi al-Ḍiyāʼ al-lāmiʻ fī sharḥ al-Jamʻ al-jawāmiʻ / lil-ʻAllāmah Abī al-ʻAbbās Aḥmad ibn ʻAbd al-Raḥmān al-Qayrawānī al-Mālikī al-shahīr bi-Ibn Ḥalūlū.
=246  30$6880-04$aNashr al-bunūd ʻalá Marāqī al-suʻūd
=260  \\$a[Morocco] :$b[publisher not identified],$c1327 [1909 or 1910]
=300  \\$aonline resource (3 volumes)
=336  \\$atext$2rdacontent
=337  \\$acomputer$2rdamedia
=338  \\$aonline resource$2rdacarrier
=500  \\$aPart of the Arabic Collections Online (ACO) project, contributed by Princeton University Libraries.
=533  \\$aElectronic reproduction.$bNew York, N.Y. :$cNew York University,$d2020.$5NNU
=600  10$aShinqīṭī, ʻAbd Allāh ibn Ibrāhīm,$d-1814 or 1815.$tMarāqī al-suʻūd.
=650  \0$aIslamic law$xInterpretation and construction$vEarly works to 1800.
=600  10$aSubkī, Tāj al-Dīn ʻAbd al-Wahhāb ibn ʻAlī,$dapproximately 1327-1370.$tJamʻ al-jawāmiʻ fī al-uṣūl.
=630  07$aJamʻ al-jawāmiʻ fī al-uṣūl (Subkī, Tāj al-Dīn ʻAbd al-Wahhāb ibn ʻAlī)$2fast$0(OCoLC)fst01378154
=630  07$aMarāqī al-suʻūd (Shinqīṭī, ʻAbd Allāh ibn Ibrāhīm)$2fast$0(OCoLC)fst01374866
=650  \7$aIslamic law$xInterpretation and construction.$2fast$0(OCoLC)fst00979955
=655  \7$aEarly works.$2fast$0(OCoLC)fst01411636
=655  \7$aLithographs$zMorocco$y1909.$2gmgpc
=700  12$6880-05$aḤalūlū, Aḥmad ibn ʻAbd al-Raḥmān,$dd. 15th century.$tḌiyāʼ al-lāmiʻ fī sharḥ al-Jamʻ al-jawāmiʻ.
=710  2\$aPrinceton University.$bLibrary.
=730  0\$aArabic Collections Online.
=740  0\$6880-06$aḌiyāʼ al-lāmiʻ fī sharḥ al-Jamʻ al-jawāmiʻ.
=776  08$iPrint version:$aShinqīṭī, ʻAbd Allāh ibn Ibrāhīm, -1814 or 1815.$tal-Juzʼ al-awwal[-al-juzʼ al-thālith] min Nashr al-bunūd ʻalá Marāqī al-suʻūd$w(NjP)2795271$w(OCoLC)78788207
=856  40$uhttp://hdl.handle.net/2333.1/xsj3v72t 
=880  1\$6100-01$aشنقيطي، عبد الله بن ابراهيم،$d-1814 or 1815.
=880  10$6240-02$aنشر البنود على مراقي السعود
=880  12$6245-03$aالجزء الاول[الجزء الثالث] من نشر البنود على مراقي السعود /$cللشيخ عبد الله بن ابراهيم العلوي الشنجيطي. وبهامشه الضياء اللامع في شرح الجمع الجوامع / للعلامة ابي العباس احمد بن عبد الرحمن القيرواني المالي الشهير بابن حلولوا.
=880  30$6246-04$aنشر البنود على مراقي السعود
=880  12$6700-05$aحلولوا، احمد بن عبد الرحمن،$dd. 15th century. .$tضياء اللامع في شرح الجمع الجوامع.
=880  0\$6740-06$aضياء اللامع في شرح الجمع الجوامع.
=959  \\$aNNU$bWEB$cGENI$t0$mElectronic access$s01
=999  \\$iNjP_2795271$o(OCoLC)ocm78788207$sprinceton_aco002267:juz 1$sprinceton_aco002263:juz 2$sprinceton_aco002264:juz 3$e(ERROR-880)(ERROR-MISC)$sprinceton_aco002267:juz 1$sprinceton_aco002263:juz 2$sprinceton_aco002264:juz 3

