=LDR  02097nam a2200361Mi 4500
=001  1573834
=003  NjP
=006  m\\\\\\\\d\\\\\\\\
=007  cr\cn\|||m|||a
=008  200626s1970\\\\ir\\\\\\o\\\\\000\0\ara\d
=040  \\$aZYU$bara$erda$cZYU
=100  0\$6880-01$aAbū al-Faraj al-Iṣbahānī,$d897 or 898-967.
=245  10$6880-02$aMaqātil al-Ṭālibīyīn /$cli-Abī al-Faraj al-Iṣbahānī, sharḥ va taḥqīq al-Sayid Aḥmad Ṣaqīr.
=260  \\$6880-03$aTihrān :$bMuʼasasah-i Maṭbūʻātī-i Ismāʻīlīyān,$c[1970]
=300  \\$aonline resource (854 pages)
=336  \\$atext$2rdacontent
=337  \\$acomputer$2rdamedia
=338  \\$aonline resource$2rdacarrier
=500  \\$aPart of the Arabic Collections Online (ACO) project, contributed by Princeton University Libraries.
=533  \\$aElectronic reproduction.$bNew York, N.Y. :$cNew York University,$d2020.$5NNU
=600  30$aAbu Talib family.
=700  1\$6880-04$aMuẓaffar, Kāẓim,$eeditor.
=710  2\$aPrinceton University.$bLibrary.
=730  0\$aArabic Collections Online.
=776  08$iOnline version:$aAbū al-Faraj al-Iṣbahānī, 897 or 8-967.$tMaqātil al-Ṭālibīyīn li-Abī al-Faraj al-Iṣbahānī, sharḥ va taḥqīq al-Sayid Aḥmad Ṣaqīr.$dTihrān Muʼasasah-i Maṭbūʻātī-i Ismāʻīlīyān, [1970]$w(OCoLC)557046859
=776  08$iPrint version:$aAbū al-Faraj al-Iṣbahānī, 897 or 898-967.$tMaqātil al-Ṭālibīyīn$w(NjP)1573834$w(OCoLC)68140924
=856  40$uhttp://hdl.handle.net/2333.1/3bk3jm74 
=880  0\$6100-01$aابو الفرج الاصبهاني،$d897 or 898-967.
=880  10$6245-02$aمقاتل الطاليين /$cلابي الفرج الاصبهاني، شرح ڤ تحقيق السيد احمد صقير.
=880  \\$6260-03$aتهران :$bمؤسسه مطبوعاتى اسماعىليان،$c[1970]
=880  1\$6700-04$aمظفر، کاظم.
=959  \\$aNNU$bWEB$cGENI$t0$mElectronic access$s01
=999  \\$iNjP_1573834$o(OCoLC)ocm68140924$sprinceton_aco004200:$e(ERROR-MISC)$sprinceton_aco004200:

