=LDR  02052nam a2200397Mi 4500
=001  3208824
=003  NjP
=006  m\\\\\\\\d\\\\\\\\
=007  cr\cn\|||m|||a
=008  200626s1944\\\\ua\a\\\\ob\\\\000\0\ara\d
=040  \\$aZYU$bara$erda$cZYU
=043  \\$af-ua---
=100  1\$6880-01$aJumʻah, Ibrāhīm.
=245  14$6880-02$aʼAl-Qawmīyah ʼal-Miṣrīyah ʼal-ʼIslāmīyah :$bbaḥth fī ʼal-qawmīyah ʼal-Miṣrīyah wa-takawwun ʼal-ʼUmmah ʼal-Miṣrīyah ʼal-ʼIslāmīyah /$cʼIbrāhīm Jumʻah.
=260  \\$6880-03$aʼAl-Qāhirah :$bMaṭbaʻat Kūstā Tisūmās,$c1944.
=300  \\$aonline resource (184 pages) :$billustrations
=336  \\$atext$2rdacontent
=337  \\$acomputer$2rdamedia
=338  \\$aonline resource$2rdacarrier
=500  \\$aPart of the Arabic Collections Online (ACO) project, contributed by Princeton University Libraries.
=504  \\$aIncludes bibliographical references (pages 180-182).
=533  \\$aElectronic reproduction.$bNew York, N.Y. :$cNew York University,$d2020.$5NNU
=650  \0$aNationalism$zEgypt.
=651  \0$aEgypt$xHistory.
=650  \7$aNationalism.$2fast$0(OCoLC)fst01033832
=651  \7$aEgypt.$2fast$0(OCoLC)fst01208755
=655  \7$aHistory.$2fast$0(OCoLC)fst01411628
=710  2\$aPrinceton University.$bLibrary.
=730  0\$aArabic Collections Online.
=776  08$iPrint version:$aJumʻah, Ibrāhīm.$tʼAl-Qawmīyah ʼal-Miṣrīyah ʼal-ʼIslāmīyah$w(NjP)3208824$w(OCoLC)85070396
=856  40$uhttp://hdl.handle.net/2333.1/b2rbp8fc 
=880  1\$6100-01$aجمعة، ابراهيم.
=880  12$6245-02$aالقومية المصرية الإسلامية :$bبحث في القومية المصرية وتكون الأمة المصرية الإسلامية /$cابراهيم جمعة.
=880  \\$6260-03$a[القاهرة] :$bمطبعة كوستاتاسوماس،$c[١٩٤٤]
=959  \\$aNNU$bWEB$cGENI$t0$mElectronic access$s01
=999  \\$iNjP_3208824$o(OCoLC)ocm85070396$sprinceton_aco004076:$e(ERROR-MISC)$sprinceton_aco004076:

