=LDR  01877nam a2200409Mi 4500
=001  1690474
=003  NjP
=006  m\\\\\\\\d\\\\\\\\
=007  cr\cn\|||m|||a
=008  200626s1963\\\\iq\\\\\\o\\\\\000\0\ara\d
=024  7\$aprinceton_aco004059$2local
=040  \\$aZYU$bara$cZYU
=043  \\$ae-tu---
=100  1\$6880-01$aJamāl Bāshā, Aḥmad,$d1872-1922.
=245  10$6880-02$aMudhakkirāt Jamāl Bāshā al-Ssaffāḥ$h[electronic resource] /$ctaʻrīb ʻAlī Aḥmad Shukrī.
=246  1\$aMemories of Jamal Pasha al-Saffah.
=260  \\$6880-03$aBaghdād :$bal-Basrī,$c1963.
=300  \\$aonline resource (368 p.)
=500  \\$aCover title: Memories of Jamal Pasha al-Saffah.
=500  \\$aTitle page and text in Arabic.
=500  \\$aTitle page in English.
=500  \\$aPart of the Arabic Collections Online (ACO) project, contributed by Princeton University Libraries.
=533  \\$aElectronic reproduction.$bNew York, N.Y. :$cNew York University,$d2020.$5NNU
=651  \0$aTurkey$xHistory$y20th century.$0http://id.loc.gov/authorities/subjects/sh85138829
=710  2\$aPrinceton University.$bLibrary.
=730  0\$aArabic Collections Online.
=776  08$iPrint version:$aJamāl Bāshā, Aḥmad, 1872-1922.$tMudhakkirāt Jamāl Bāshā al-Ssaffāḥ$w(NjP)1690474$w(DLC) 65000739 
=856  40$uhttp://hdl.handle.net/2333.1/ksn034x0 
=880  1\$6100-01$aجمال باشا، احمد،$d1872-1922.
=880  10$6245-02$aمذكرات جمال باشا السفاح /$cتعريب علي احمد شكري.
=880  \\$6260-03$aبغداد :$bالبسري،$c1963.
=948  \\$ajab
=911  \\$a19980302
=912  \\$a20000322051322.0
=959  \\$a2000-06-13 00:00:00 -0400
=959  \\$aNNU$bWEB$cGENI$t0$mElectronic access$s01
=999  \\$iNjP_1690474$sprinceton_aco004059:$e(ERROR-880)(ERROR-MISC)$sprinceton_aco004059:

