=LDR  01921nam a2200337Mi 4500
=001  2787260
=003  NjP
=006  m\\\\\\\\d\\\\\\\\
=007  cr\cn\|||m|||a
=008  200626s1957\\\\su\a\\\\o\\\\\000\0\ara\d
=040  \\$aZYU$bara$erda$cZYU
=110  1\$6880-01$aSaudi Arabia.$bal-Mudīrīyah al-ʻāmmah lil-idhāʻah wa-al-ṣaḥāfah wa-al-nashr.
=245  13$6880-02$aal-Mamlakah al-ʻarabīyah al-Suʻūdīyah fī ʻahdihā al-ḥāḍir.
=260  \\$6880-03$a[Jiddah] :$b[Mudīrīyah al-ʻāmmah lil-idhāʻah wa-al-ṣaḥāfah wa-al-nashr],$c1376 [1957]
=300  \\$aonline resource (271 pages) :$billustrations
=336  \\$atext$2rdacontent
=337  \\$acomputer$2rdamedia
=338  \\$aonline resource$2rdacarrier
=500  \\$aPart of the Arabic Collections Online (ACO) project, contributed by Princeton University Libraries.
=533  \\$aElectronic reproduction.$bNew York, N.Y. :$cNew York University,$d2020.$5NNU
=546  \\$aIn Arabic.
=651  \0$aSaudi Arabia$xCivilization. 
=710  2\$aPrinceton University.$bLibrary.
=730  0\$aArabic Collections Online.
=776  08$iPrint version:$aSaudi Arabia. al-Mudīrīyah al-ʻāmmah lil-idhāʻah wa-al-ṣaḥāfah wa-al-nashr.$tal-Mamlakah al-ʻarabīyah al-Suʻūdīyah fī ʻahdihā al-ḥāḍir$w(NjP)2787260$w(OCoLC)42847010
=856  40$uhttp://hdl.handle.net/2333.1/zgmsbp3j 
=880  1\$6110-01$aالمملكة العربية السعودية.$bالمديرية العامة للاذاعة والصحافة والنشر.
=880  12$6245-02$aالمملكة العربية السعودية في عهدها الحاضر.
=880  \\$6260-03$a[جدة] :$b[مديرية العامة للاذاعة والصحافة والنشر]،$c1376 [1957]
=959  \\$aNNU$bWEB$cGENI$t0$mElectronic access$s01
=999  \\$iNjP_2787260$o(OCoLC)ocm42847010$sprinceton_aco002098$e(ERROR-MISC)$sprinceton_aco002098

