=LDR  02073nam a2200385Mi 4500
=001  1135620
=003  NjP
=006  m\\\\\\\\d\\\\\\\\
=007  cr\cn\|||m|||a
=008  200626s1836\\\\tu\\\\\\o\\\\\000\0\ara\d
=040  \\$aZYU$bara$erda$cZYU
=100  0\$6880-01$aḤamdān ibn ʻUthmān Khawājah,$dapproximately 1775-1839 or 1840.
=245  10$6880-02$aItḥāf al-udabāʼ /$c[Ḥamdān ibn ʻUthmān Khawājah].
=260  \\$6880-03$a[Istanbul] :$b[Dār al-Ṭibāʻah al-Sulṭānīyah],$c1252 [1836 or 1837]
=300  \\$aonline resource (8, 56 pages)
=336  \\$atext$2rdacontent
=337  \\$acomputer$2rdamedia
=338  \\$aonline resource$2rdacarrier
=500  \\$aCaption title.
=500  \\$aPart of the Arabic Collections Online (ACO) project, contributed by Princeton University Libraries.
=533  \\$aElectronic reproduction.$bNew York, N.Y. :$cNew York University,$d2020.$5NNU
=650  \0$aQuarantine.
=650  \0$aCommunicable diseases.
=650  \7$aCommunicable diseases.$2fast$0(OCoLC)fst00869883
=650  \7$aQuarantine.$2fast$0(OCoLC)fst01085153
=710  2\$aPrinceton University.$bLibrary.
=730  0\$aArabic Collections Online.
=776  08$iOnline version:$aḤamdān ibn ʻUthmān Khawājah, approximately 1775-1839 or 40.$tItḥāf al-udabāʼ.$d[Istanbul : Dār al-Ṭibāʻah al-Sulṭānīyah], 1252 [1836 or 1837]$w(OCoLC)663439726
=776  08$iPrint version:$aḤamdān ibn ʻUthmān Khawājah, approximately 1775-1839 or 1840.$tItḥāf al-udabāʼ$w(NjP)1135620$w(OCoLC)36849287
=856  40$uhttp://hdl.handle.net/2333.1/0k6djszq 
=880  0\$6100-01$aحمدان بن عثمان خواجة،$dapproximately 1775-1839 or 1840.
=880  10$6245-02$aاتحاف الادباء /$c[حمدان بن عثمان خواجة].
=880  \\$6260-03$a[اسطنبول] :$b[دار الطباعة السلطانية]،$c1252 [1836 or 1837]
=959  \\$aNNU$bWEB$cGENI$t0$mElectronic access$s01
=999  \\$iNjP_1135620$o(OCoLC)ocm36849287$sprinceton_aco004166:$e(ERROR-MISC)$sprinceton_aco004166:

