=LDR  02332nam a2200433Mi 4500
=001  246894
=003  NjP
=006  m\\\\\\\\d\\\\\\\\
=007  cr\cn\|||m|||a
=008  200626s1956\\\\iq\a\\\\ob\\\\000\0\ara\d
=040  \\$aZYU$bara$erda$cZYU
=043  \\$aa-iq---
=100  1\$6880-01$aDabbāgh, ʻAbd al-Wahhāb.
=245  13$6880-02$aal-Nakhīl wa-al-tumūr fī al-ʻIrāq :$btaḥlīl jughrāfī li-zirāʻat al-nakhīl wa-intāj al-tumūr wa-ṣināʻatihā wa-tijāratihā /$cʻAbd al-Wahhāb al-Dabbāgh.
=260  \\$6880-03$aBaghdād :$bMaṭbaʻat al-Ummah,$c1956.
=300  \\$aonline resource (324 pages) :$billustrations
=336  \\$atext$2rdacontent
=337  \\$acomputer$2rdamedia
=338  \\$aonline resource$2rdacarrier
=500  \\$a"Risālat al-mājistīr allatī qaddamahā al-muʼallif ilá Jāmiʻat Birminkh́ām bi-Inkiltirā sanat 1948 wa-taʻdīlātuhā hattá sanat 1956."
=500  \\$aTitle on p. [4] of cover: Date palms and dates of Iraq.
=500  \\$aPart of the Arabic Collections Online (ACO) project, contributed by Princeton University Libraries.
=504  \\$aIncludes bibliographical references (pages 319-322).
=533  \\$aElectronic reproduction.$bNew York, N.Y. :$cNew York University,$d2020.$5NNU
=650  \0$aDate palm$zIraq.
=650  \0$aDates (Fruit)$zIraq.
=650  \7$aDate palm.$2fast$0(OCoLC)fst00888080
=650  \7$aDates (Fruit)$2fast$0(OCoLC)fst01430161
=651  \7$aIraq.$2fast$0(OCoLC)fst01205757
=710  2\$aPrinceton University.$bLibrary.
=730  0\$aArabic Collections Online.
=740  0\$aDate palms and dates of Iraq.
=776  08$iPrint version:$aDabbāgh, ʻAbd al-Wahhāb.$tal-Nakhīl wa-al-tumūr fī al-ʻIrāq$w(NjP)246894$w(OCoLC)122826386
=856  40$uhttp://hdl.handle.net/2333.1/3bk3jm6w 
=880  1\$6100-01$aدباغ، عبد الوهاب.
=880  12$6245-02$aالنخيل والتمور في العراق :$bتحليل جغرافي لزراعة النخيل وإنتاج التمور وصناعتها وتجارتها /$cعبد الوهاب الدباغ.
=880  \\$6260-03$aبغداد :$bمطبعة الأمة،$c1956.
=959  \\$aNNU$bWEB$cGENI$t0$mElectronic access$s01
=999  \\$iNjP_246894$o(OCoLC)ocn122826386$sprinceton_aco004117:$e(ERROR-MISC)$sprinceton_aco004117:

