=LDR  02224nam a2200397Mi 4500
=001  2787945
=003  NjP
=006  m\\\\\\\\d\\\\\\\\
=007  cr\cn\|||m|||a
=008  200626s1949\\\\ir\a\\\\o\\\\\000\0\ara\d
=040  \\$aZYU$bara$erda$cZYU
=100  1\$6880-01$aKarmī, Muḥammad.
=245  10$6880-02$aUṣūl al-dīn al-Islāmī :$bwa-huwa kitāb yabḥathu ʻan al-niqāṭ al-ḥassāsah allatī aghfalahā al-mutadayinūn wa-jahilahā al-mutajaddidūn fī al-sharīʻah al-Islāmīyah al-gharāʼ /$cMuḥammad al-Karmī.
=260  \\$6880-03$a[Beirut?] :$bMaṭbaʻat Qum,$c1369 [1949 or 1950]
=300  \\$aonline resource (240 pages) :$billustrations
=336  \\$atext$2rdacontent
=337  \\$acomputer$2rdamedia
=338  \\$aonline resource$2rdacarrier
=490  1\$6880-04$aḤayāh al-rūḥīyah ;$val-ḥalqah 4
=500  \\$aPart of the Arabic Collections Online (ACO) project, contributed by Princeton University Libraries.
=533  \\$aElectronic reproduction.$bNew York, N.Y. :$cNew York University,$d2020.$5NNU
=546  \\$aIn Arabic.
=650  \0$aShiites.
=650  \7$aShiites.$2fast$0(OCoLC)fst01115976
=710  2\$aPrinceton University.$bLibrary.
=730  0\$aArabic Collections Online.
=776  08$iPrint version:$aKarmī, Muḥammad.$tUṣūl al-dīn al-Islāmī$w(NjP)2787945$w(OCoLC)42862715
=830  \0$6880-05$aḤayāh al-rūḥīyah ;$val-ḥalqah 4.
=856  40$uhttp://hdl.handle.net/2333.1/q2bvqjwj 
=880  1\$6100-01$a‏كرمي، محمد.
=880  10$6245-02$a‏اصول الدين الاسلامي :‏$b‏وهو كتاب يبحث عن النقاط الحساسة التي أغفلها المتدينون وجهلها المتجددون في الشريعة الاسلامية الغراء /‏$c‏محمد الكرمي.
=880  \\$6260-03$a‏[Beirut?] :‏$b‏مطبعة قم،‏$c‏1369 [1949 أو 1950]
=880  1\$6490-04$a‏حياة الروحية ؛‏$v‏الحلقة 4
=880  \0$6830-05$a‏حياة الروحية ؛‏$v‏الحلقة 4.
=959  \\$aNNU$bWEB$cGENI$t0$mElectronic access$s01
=999  \\$iNjP_2787945$o(OCoLC)ocm42862715$sprinceton_aco003567:$e(ERROR-MISC)$sprinceton_aco003567:

