=LDR  02263nam a2200397Mi 4500
=001  452522
=003  NjP
=006  m\\\\\\\\d\\\\\\\\
=007  cr\cn\|||m|||a
=008  200626s1940\\\\mr\\\\\\o\\\\\000\0\ara\d
=040  \\$aZYU$bara$erda$cZYU
=041  0\$aara$afre
=043  \\$af-mr---
=245  00$6880-01$aẒahīr Sharīf fī shaʼn al-ujūr al-mustakhlaṣah bi-maḥākim quḍāt al-iyālah al-sharīfah wa-bi-majlis al-istiʼnāf al-sharʻī al-aʻlá.
=246  3\$aDahir sur les frais de justice devant les mahkamas de cadis de l'empire chérifien et le tribunal d'appel du chrâa
=260  \\$6880-02$aal-Rabāṭ :$bal-Maṭbaʻah al-Rasmīyah,$c1361 [1940 or 1941]
=300  \\$aonline resource (19, 13 pages)
=336  \\$atext$2rdacontent
=337  \\$acomputer$2rdamedia
=338  \\$aonline resource$2rdacarrier
=500  \\$aTitle on added t.p.: Dahir sur les frais de justice devant les mahkamas de cadis de l'empire chérifien et le tribunal d'appel du chrâa.
=500  \\$aArabic and French.
=500  \\$aPart of the Arabic Collections Online (ACO) project, contributed by Princeton University Libraries.
=533  \\$aElectronic reproduction.$bNew York, N.Y. :$cNew York University,$d2020.$5NNU
=650  \0$aCosts (Law)$zMorocco$vSources.
=650  \7$aCosts (Law)$2fast$0(OCoLC)fst00880739
=651  \7$aMorocco.$2fast$0(OCoLC)fst01205592
=655  \7$aSources.$2fast$0(OCoLC)fst01423900
=710  2\$aPrinceton University.$bLibrary.
=730  0\$aArabic Collections Online.
=776  08$iPrint version:$tẒahīr Sharīf fī shaʼn al-ujūr al-mustakhlaṣah bi-maḥākim quḍāt al-iyālah al-sharīfah wa-bi-majlis al-istiʼnāf al-sharʻī al-aʻlá$w(NjP)452522$w(OCoLC)25583318
=856  40$uhttp://hdl.handle.net/2333.1/4b8gttft 
=880  00$6245-01$aظهير شريف في شأن الأجور المستخلصة بمحاكم قضات الايالة الشريفة وبمجلس الاستئناف الشرعي الاعلى.
=880  \\$6260-02$aالرباط :$bالمطبعة الرسمية،$c1361 [1940 or 1941]
=959  \\$aNNU$bWEB$cGENI$t0$mElectronic access$s01
=999  \\$iNjP_452522$o(OCoLC)ocm25583318$sprinceton_aco003694:$e(ERROR-880)(ERROR-MISC)$sprinceton_aco003694:

