=LDR  01560nam a2200337Mi 4500
=001  1474031
=003  NjP
=006  m\\\\\\\\d\\\\\\\\
=007  cr\cn\|||m|||a
=008  200626s1948\\\\ae\\\\\\o\\\\\000\0\ara\d
=040  \\$aZYU$bara$erda$cZYU
=100  1\$6880-01$aIbn Bādīs, ʻAbd al-Ḥamīd,$d1889-1940.
=245  10$6880-02$aMajālis al-tadhkīr.
=260  \\$6880-03$a[Qusanṭīnah] :$bal-Maṭbaʻah al-Jazāʼirāyah al-Islāmīyah,$c[1948]
=300  \\$aonline resource (96 pages)
=336  \\$atext$2rdacontent
=337  \\$acomputer$2rdamedia
=338  \\$aonline resource$2rdacarrier
=500  \\$aPart of the Arabic Collections Online (ACO) project, contributed by Princeton University Libraries.
=533  \\$aElectronic reproduction.$bNew York, N.Y. :$cNew York University,$d2020.$5NNU
=546  \\$aIn Arabic.
=650  \0$aQurʼan$xCriticism, interpretation, etc.
=710  2\$aPrinceton University.$bLibrary.
=730  0\$aArabic Collections Online.
=776  08$iPrint version:$aIbn Bādīs, ʻAbd al-Ḥamīd, 1889-1940.$tMajālis al-tadhkīr$w(NjP)1474031$w(OCoLC)42811337
=856  40$uhttp://hdl.handle.net/2333.1/2547djgj 
=880  1\$6100-01$aابن باديس، عبد الحميد،$d1889-1940.
=880  10$6245-02$aمجالس التذكير.
=880  \\$6260-03$a[قسنطينة] :$bالمطبعة الجزائراية الاسلامية،$c[1948]
=959  \\$aNNU$bWEB$cGENI$t0$mElectronic access$s01
=999  \\$iNjP_1474031$o(OCoLC)ocm42811337$sprinceton_aco003961:$e(ERROR-MISC)$sprinceton_aco003961:

