=LDR  01884nam a2200361Mi 4500
=001  2787943
=003  NjP
=006  m\\\\\\\\d\\\\\\\\
=007  cr\cn\|||m|||a
=008  200626s1961\\\\sy\\\\\\o\\\\\000\0\ara\d
=040  \\$aZYU$bara$erda$cZYU
=100  1\$6880-01$aKarmī, Marʻī ibn Yūsuf,$d-1623 or 1624.
=245  10$6880-02$aDalīl al-ṭālib :$bʻalá madhhab al-Imām al-mubajjal Aḥmad ibn Ḥanbal /$ctaʼlīf Marʻī ibn Yūsuf al-Ḥanbalī ; maʻa Ḥāshiyat / Muḥammad ibn Māniʻ.
=260  \\$6880-03$aDimashq :$bal-Maktab al-Islāmī,$c1381 [1961]
=300  \\$aonline resource (326 pages)
=336  \\$atext$2rdacontent
=337  \\$acomputer$2rdamedia
=338  \\$aonline resource$2rdacarrier
=500  \\$aPart of the Arabic Collections Online (ACO) project, contributed by Princeton University Libraries.
=533  \\$aElectronic reproduction.$bNew York, N.Y. :$cNew York University,$d2020.$5NNU
=546  \\$aIn Arabic.
=650  \0$aHanbalites.
=700  1\$6880-04$aIbn Māniʻ, Muḥammad.
=710  2\$aPrinceton University.$bLibrary.
=730  0\$aArabic Collections Online.
=776  08$iPrint version:$aKarmī, Marʻī ibn Yūsuf, -1623 or 1624.$tDalīl al-ṭālib$w(NjP)2787943$w(OCoLC)42862711
=856  40$uhttp://hdl.handle.net/2333.1/4j0zpnwr 
=880  1\$6100-01$aكرمي، مرعي بن يوسف،$d-1623 or 1624.
=880  10$6245-02$aدليل الطالب :$bعلى مذهب الامام المبجل احمد بن حنبل /$cتأليف مرعي بن يوسف الحنبلي ؛ مع حاشية / محمد بن مانع.
=880  \\$6260-03$aدمشق :$bالمكتب الاسلامي،$c1381 [1961]
=880  1\$6700-04$aابن مانع، محمد.
=959  \\$aNNU$bWEB$cGENI$t0$mElectronic access$s01
=999  \\$iNjP_2787943$o(OCoLC)ocm42862711$sprinceton_aco002936$e(ERROR-MISC)$sprinceton_aco002936

