=LDR  02524nam a2200469Mi 4500
=001  2250798
=003  NjP
=006  m\\\\\\\\d\\\\\\\\
=007  cr\cn\|||m|||a
=008  200626s1989\\\\ir\\\\\\ob\\\\000\0\ara\d
=040  \\$aZYU$bara$erda$cZYU
=100  1\$6880-01$aĀl Ḥirz, Aḥmad ibn ʻAbd al-Riḍā.
=245  10$6880-02$aḤibāʼ al-aḥibbāʼ fī al-taswīyah bayna taqlīd al-amwāt wa-al-aḥyāʼ /$ctaṣnīf Aḥmad ibn ʻAbd al-Riḍā Āl Ḥirz.
=246  3\$6880-03$aḤabāʼ al-aḥibbāʼ fī al-taswīyah bayna taqlīd al-amwāt wa-al-aḥyāʼ
=250  \\$6880-04$aal-Ṭabʻah 1.
=260  \\$6880-05$aQum :$bal-Maṭbaʻah al-ʻIlmīyah,$c1410 [1989 or 1990]
=300  \\$aonline resource (52 pages)
=336  \\$atext$2rdacontent
=337  \\$acomputer$2rdamedia
=338  \\$aonline resource$2rdacarrier
=490  1\$6880-06$aIḥyāʼ al-aḥyāʼ ;$v8
=500  \\$aPart of the Arabic Collections Online (ACO) project, contributed by Princeton University Libraries.
=504  \\$aIncludes bibliographical references.
=533  \\$aElectronic reproduction.$bNew York, N.Y. :$cNew York University,$d2020.$5NNU
=650  \0$aDead$xReligious aspects$xIslam.
=650  \0$aIslamic law.
=650  \7$aDead$xReligious aspects$xIslam.$2fast$0(OCoLC)fst02006066
=650  \7$aIslamic law.$2fast$0(OCoLC)fst00979949
=710  2\$aPrinceton University.$bLibrary.
=730  0\$aArabic Collections Online.
=776  08$iPrint version:$aĀl Ḥirz, Aḥmad ibn ʻAbd al-Riḍā.$tḤibāʼ al-aḥibbāʼ fī al-taswīyah bayna taqlīd al-amwāt wa-al-aḥyāʼ$w(NjP)2250798$w(OCoLC)49367963
=830  \0$6880-07$aIḥyāʼ al-aḥyāʼ ;$v8.
=856  40$uhttp://hdl.handle.net/2333.1/cz8w9s6g 
=880  1\$6100-01$aآل حرز، احمد بن عبد الرضا.
=880  10$6245-02$aحباء الاحباء في التسوية بين تقليد الاموات والاحياء /$cتصنيف احمد بن عبد الرضا آل حرز.
=880  3\$6246-03$aحباء الاحباء في التسوية بين تقليد الاموات والاحياء
=880  \\$6250-04$aالطبعة 1.
=880  \\$6260-05$aقم :$bالمطبعة العلمية،$c1410 [1989 or 1990]
=880  1\$6490-06$aاحياء الاحياء ؛$v8
=880  \0$6830-07$aاحياء الاحياء ؛$v8.
=959  \\$aNNU$bWEB$cGENI$t0$mElectronic access$s01
=999  \\$iNjP_2250798$o(OCoLC)ocm49367963$sprinceton_aco003358:$e(ERROR-MISC)$sprinceton_aco003358:

