=LDR  02770nam a2200445Mi 4500
=001  779147
=003  NjP
=006  m\\\\\\\\d\\\\\\\\
=007  cr\cn\|||m|||a
=008  200626m19849999ir\\\\\\ob\\\\000\0\ara\d
=040  \\$aZYU$bara$erda$cZYU
=100  1\$6880-01$aNajafī al-Maẓāhirī al-Iṣbahānī, Murtaḍá.
=240  10$6880-02$aTaḥrīr al-uṣūl
=245  13$6880-03$aal-Mujallad al-awwal min kitāb, Taḥrīr al-uṣūl :$btaqrīran li-mā afādahu ustādh al-fuqahāʼ wa-al-mujtahidīn Āyat Allāh al-ʻUẓmah al-Shaykh Ḍiyāʼ al-Dīn al-ʻIrāqī qaddasa sirrah /$cli-muʼallifihi Murtaḍá al-Najafī al-Maẓāhirī al-Iṣbahānī ; taṣḥīḥ wa-taʻlīq Ḥamzah al-Ḥamzawī.
=246  3\$6880-04$aTaḥrīr al-uṣūl
=260  \\$6880-05$aQum :$bSāzmān-i Chāp-i Mihr,$c1363- [1984 or 1985-]
=300  \\$aonline resource (volumes)
=336  \\$atext$2rdacontent
=337  \\$acomputer$2rdamedia
=338  \\$aonline resource$2rdacarrier
=500  \\$aPart of the Arabic Collections Online (ACO) project, contributed by Princeton University Libraries.
=504  \\$aIncludes bibliographical references.
=533  \\$aElectronic reproduction.$bNew York, N.Y. :$cNew York University,$d2020.$5NNU
=650  \0$aIslamic law$xInterpretation and construction.
=650  \7$aIslamic law$xInterpretation and construction.$2fast$0(OCoLC)fst00979955
=700  1\$6880-06$aḤamzawī, Ḥamzah.
=710  2\$aPrinceton University.$bLibrary.
=730  0\$aArabic Collections Online.
=740  0\$6880-07$aTaḥrīr al-uṣūl.
=776  08$iPrint version:$aNajafī al-Maẓāhirī al-Iṣbahānī, Murtaḍá.$tal-Mujallad al-awwal min kitāb, Taḥrīr al-uṣūl$w(NjP)779147$w(OCoLC)27274882
=856  40$uhttp://hdl.handle.net/2333.1/kprr5761 
=880  0\$6100-01$aمرتضى النجفي المظاهري الاصبهاني.
=880  10$6240-02$aتحرير الاصول
=880  12$6245-03$aالمجلد الاول من كتاب، تجرير الاصول :$bتقريرا لما افاده استاذ الفقهاء والمجتهدين اية الله العظمى الشيخ ضياء الدين العراقي قدس سره /$cلمؤلفه مرتضى النجفي المظاهري الاصبهاني ؛ تصحيح وتحقيق حمزة الحمزوي.
=880  3\$6246-04$aتحرير الاصول
=880  \\$6260-05$aقم :$bسازمان چاپ مهر،$c١٣٦٣- [١٩٨٤ او ١٩٨٥-]
=880  1\$6700-06$aحمزة حمزوي.
=880  0\$6740-07$aتحرير الاصول.
=959  \\$aNNU$bWEB$cGENI$t0$mElectronic access$s01
=999  \\$iNjP_779147$o(OCoLC)ocm27274882$sprinceton_aco003433:mujallad 1$e(ERROR-MISC)$sprinceton_aco003433:mujallad 1

