=LDR  02211nam a2200409Mi 4500
=001  391930
=003  NjP
=006  m\\\\\\\\d\\\\\\\\
=007  cr\cn\|||m|||a
=008  200626s1948\\\\iq\\\\\\o\\\\\000\0\ara\d
=040  \\$aZYU$bara$erda$cZYU
=043  \\$aa-iq---
=110  1\$6880-01$aIraq.
=240  10$6880-02$aQānūn raqm 12 (1940)
=245  13$6880-03$aal-Maṣrif al-Ṣināʻī Baghdād :$bqānūn taʼsīs maṣrif ṣināʻī raqm 12 li-sanat 1940 wa-al-irādah al-milkīyah al-muraqqamah 248 wa-al-muʼarrakhah fī 26/5/45 wa-niẓāmuhu raqm 41 li-sanat 1947 wa-ʻaqd taʼsīsihi wa-niẓāmihi al-dākhilī.
=260  \\$6880-04$aBaghdād :$bMaṭbaʻat al-Ḥukūmah,$c1948.
=300  \\$aonline resource (9, 31 pages)
=336  \\$atext$2rdacontent
=337  \\$acomputer$2rdamedia
=338  \\$aonline resource$2rdacarrier
=500  \\$aPart of the Arabic Collections Online (ACO) project, contributed by Princeton University Libraries.
=533  \\$aElectronic reproduction.$bNew York, N.Y. :$cNew York University,$d2020.$5NNU
=610  20$aMaṣrif al-Ṣināʻī al-ʻIrāqī.
=650  \0$aBanking law$zIraq.
=610  27$aMaṣrif al-Ṣināʻī al-ʻIrāqī.$2fast$0(OCoLC)fst01437342
=650  \7$aBanking law.$2fast$0(OCoLC)fst00826811
=651  \7$aIraq.$2fast$0(OCoLC)fst01205757
=710  2\$aPrinceton University.$bLibrary.
=730  0\$aArabic Collections Online.
=776  08$iPrint version:$aIraq.$tal-Maṣrif al-Ṣināʻī Baghdād$w(NjP)391930$w(OCoLC)81110530
=856  40$uhttp://hdl.handle.net/2333.1/d2547q05 
=880  1\$6110-01$aالعراق.
=880  10$6240-02$aقانون رقم 12 (1940)
=880  12$6245-03$aالمصرف الصناعي بغداد :$bقانون تأسيس مصرف صناعي رقم 12 لسنة 1940 والارادة الملكية المرقمة 248 والمؤرخة في 26/5/45 ونظامه رقم 41 لسنة 1947 وعقد تأسيسه ونظامه الداخلي.
=880  \\$6260-04$aبغداد :$bمطبعة الحكومة،$c1948.
=959  \\$aNNU$bWEB$cGENI$t0$mElectronic access$s01
=999  \\$iNjP_391930$o(OCoLC)ocm81110530$sprinceton_aco003997:$e(ERROR-MISC)$sprinceton_aco003997:

