=LDR  01629nam a2200361Mi 4500
=001  2788639
=003  NjP
=006  m\\\\\\\\d\\\\\\\\
=007  cr\cn\|||m|||a
=008  200626m19609999sy\\\\\\o\\\\\000\0\ara\d
=040  \\$aZYU$bara$erda$cZYU
=100  1\$6880-01$aFāḍil, Muḥammad.
=245  13$6880-02$aal-Wajīz fī uṣūl al-muḥākamāt al-ja-zāʼīyah.
=246  1\$iAdded cover-title:$aPrécis de procédure pénale
=260  \\$6880-03$aDamascus :$bJāmiʻat Dimashq,$c1960-
=300  \\$aonline resource (volumes)
=336  \\$atext$2rdacontent
=337  \\$acomputer$2rdamedia
=338  \\$aonline resource$2rdacarrier
=500  \\$aPart of the Arabic Collections Online (ACO) project, contributed by Princeton University Libraries.
=533  \\$aElectronic reproduction.$bNew York, N.Y. :$cNew York University,$d2020.$5NNU
=546  \\$aIn Arabic.
=650  \0$aCriminal procedure.
=650  \7$aCriminal procedure.$2fast$0(OCoLC)fst00883421
=710  2\$aPrinceton University.$bLibrary.
=730  0\$aArabic Collections Online.
=776  08$iPrint version:$aFāḍil, Muḥammad.$tal-Wajīz fī uṣūl al-muḥākamāt al-ja-zāʼīyah$w(NjP)2788639$w(OCoLC)42886218
=856  40$uhttp://hdl.handle.net/2333.1/q83bkd72 
=880  1\$6100-01$aفاضل، محمد. 
=880  12$6245-02$aالوجيز في اصول المحاكمات الجزائية.
=880  \\$6260-03$aدمشق :$bجامعة دمشق،$c1960
=959  \\$aNNU$bWEB$cGENI$t0$mElectronic access$s01
=999  \\$iNjP_2788639$o(OCoLC)ocm42886218$sprinceton_aco001951$e(ERROR-880)(ERROR-MISC)$sprinceton_aco001951

