=LDR  02277nam a2200505Mi 4500
=001  240475
=003  NjP
=006  m\\\\\\\\d\\\\\\\\
=007  cr\cn\|||m|||a
=008  200626q19821983ir\\\\\\o\\\\f000\0\per\d
=040  \\$aZYU$bara$erda$cZYU
=041  1\$aara$hper
=043  \\$aa-ir---
=045  \\$ax7x7
=245  00$6880-01$aDustūr Jumhūrīyat Īrān al-Islāmīyah.
=250  \\$6880-02$aal-Ṭabʻah 1.
=260  \\$6880-03$aṬihrān :$bWizārat al-Irshād al-Islāmī,$c1403 [1982 or 1983]
=300  \\$aonline resource (109 pages)
=336  \\$atext$2rdacontent
=337  \\$acomputer$2rdamedia
=338  \\$aonline resource$2rdacarrier
=500  \\$aPart of the Arabic Collections Online (ACO) project, contributed by Princeton University Libraries.
=533  \\$aElectronic reproduction.$bNew York, N.Y. :$cNew York University,$d2020.$5NNU
=650  \0$aIslamic law$zIran.
=650  \0$aConstitutions$zIran.
=650  \0$aConstitutional law$zIran.
=650  \7$aConstitutional law.$2fast$0(OCoLC)fst00875797
=650  \7$aConstitutions.$2fast$0(OCoLC)fst00875851
=650  \7$aIslamic law.$2fast$0(OCoLC)fst00979949
=651  \7$aIran.$2fast$0(OCoLC)fst01204889
=710  1\$6880-04$aIran.$bVizārat-i Irshād-i Islāmī.
=710  1\$6880-05$aIran.$tQānūn-i Asāsī (1979).$lArabic.
=710  2\$aPrinceton University.$bLibrary.
=730  0\$aArabic Collections Online.
=740  0\$6880-06$aDastūr Jumhūrīyat Īrān al-Islāmīyah.
=776  08$iPrint version:$tDustūr Jumhūrīyat Īrān al-Islāmīyah$w(NjP)240475$w(OCoLC)61619054
=856  40$uhttp://hdl.handle.net/2333.1/05qfv42x 
=880  00$6245-01$aدستور جمهورية ايران الاسلامية.
=880  \\$6250-02$aالطبعة 1.
=880  \\$6260-03$aطهران :$bوزارة الارشاد الاسلامي،$c1403 [1982 or 1983]
=880  1\$6710-04$aايران.$bوزارت ارشاد اسلامى.
=880  1\$6710-05$aايران.$tقانون اساسى (1979).$lعربي.
=880  0\$6740-06$aدستور جمهورية ايران الاسلامية.
=959  \\$aNNU$bWEB$cGENI$t0$mElectronic access$s01
=999  \\$iNjP_240475$o(OCoLC)ocm61619054$sprinceton_aco003699:$e(ERROR-MISC)$sprinceton_aco003699:

