=LDR  02287nam a2200421Mi 4500
=001  6912632
=003  NjP
=006  m\\\\\\\\d\\\\\\\\
=007  cr\cn\|||m|||a
=008  200626s1886\\\\le\\\\\\o\\\\\000\0\ara\d
=040  \\$aZYU$bara$erda$cZYU
=043  \\$ae-ur---
=100  1\$6880-01$aQalfāṭ, Nakhlah,$d1851-1905.
=245  10$6880-02$aTārīkh Rūsiyā al-ḥadīth /$cmansūq bi-qalam Nakhlah Qalfāṭ.
=246  3\$6880-03$aTārīkh Buṭrus al-kabīr
=260  \\$6880-04$a[Place of publication not identified] :$b[publisher not identified],$c1886 ;$a(Bayrūt :$bal-Maṭbaʻah al-Lubnānīyah)
=300  \\$aonline resource (4 volumes in 1)
=336  \\$atext$2rdacontent
=337  \\$acomputer$2rdamedia
=338  \\$aonline resource$2rdacarrier
=500  \\$aPart of the Arabic Collections Online (ACO) project, contributed by Princeton University Libraries.
=505  0\$amujallad 1. Tārīkh Buṭrus al-kabīr . -- mujallad 2-4. Tārīkh Rūsiyā al-ḥadīth.
=533  \\$aElectronic reproduction.$bNew York, N.Y. :$cNew York University,$d2020.$5NNU
=600  00$aPeter$bI,$cEmperor of Russia,$d1672-1725.
=651  \0$aRussia$xHistory.
=600  07$aPeter$bI,$cEmperor of Russia,$d1672-1725.$2fast$0(OCoLC)fst00061539
=651  \7$aRussia.$2fast$0(OCoLC)fst01207312
=655  \7$aHistory.$2fast$0(OCoLC)fst01411628
=710  2\$aPrinceton University.$bLibrary.
=730  0\$aArabic Collections Online.
=776  08$iPrint version:$aQalfāṭ, Nakhlah, 1851-1905.$tTārīkh Rūsiyā al-ḥadīth$w(NjP)6912632$w(OCoLC)81327245
=856  40$uhttp://hdl.handle.net/2333.1/76hdrjgb 
=880  1\$6100-01$aقلفاط، نخلة،$d1851-1905.
=880  10$6245-02$aتاريخ روسيا الحديث /$cمنسوق بقلم نخلة قلفاط.
=880  3\$6246-03$aتاريخ بطرس الكبير
=880  \\$6260-04$a[Place of publication not identified] :$b[publisher not identified],$c1886 ؛$a(بيروت :$bالمطبعة اللبنانية)
=959  \\$aNNU$bWEB$cGENI$t0$mElectronic access$s01
=999  \\$iNjP_6912632$o(OCoLC)ocm81327245$sprinceton_aco003904:juz 2$sprinceton_aco003632:juz 3$sprinceton_aco003657:juz 4$e(ERROR-MISC)$sprinceton_aco003904:juz 2$sprinceton_aco003632:juz 3$sprinceton_aco003657:juz 4

