=LDR  01874nam a2200409Mi 4500
=001  450755
=003  NjP
=006  m\\\\\\\\d\\\\\\\\
=007  cr\cn\|||m|||a
=008  200626s195u\\\\mr\\\\\\o\\\\\000\0\ara\d
=040  \\$aZYU$bara$erda$cZYU
=043  \\$af-mr---
=100  1\$6880-01$aIbn al-ʻArabī, al-Ṣiddīq.
=245  10$6880-02$aKitāb al-Maghrib /$ctaʼlīf al-Siddīq ibn al-ʻArabī.
=260  \\$6880-03$a[Morocco] :$bDafātir al-Thaqāfah al-Shaʻbīyah,$c[195-?]
=300  \\$aonline resource (96 pages)
=336  \\$atext$2rdacontent
=337  \\$acomputer$2rdamedia
=338  \\$aonline resource$2rdacarrier
=490  1\$6880-04$aSilsilat Iʻraf bilādak ;$v3
=500  \\$aPart of the Arabic Collections Online (ACO) project, contributed by Princeton University Libraries.
=533  \\$aElectronic reproduction.$bNew York, N.Y. :$cNew York University,$d2020.$5NNU
=651  \0$aMorocco$xDescription and travel.
=650  \7$aTravel.$2fast$0(OCoLC)fst01155558
=651  \7$aMorocco.$2fast$0(OCoLC)fst01205592
=710  2\$aPrinceton University.$bLibrary.
=730  0\$aArabic Collections Online.
=776  08$iPrint version:$aIbn al-ʻArabī, al-Ṣiddīq.$tKitāb al-Maghrib$w(NjP)450755$w(OCoLC)84450587
=830  \0$6880-05$aSilsilat Iʻraf bilādak ;$v3.
=856  40$uhttp://hdl.handle.net/2333.1/69p8d7x1 
=880  1\$6100-01$aابن العربي، الصديق.
=880  10$6245-02$aكتاب المغرب /$cتأليف الصديق بن العربي.
=880  \\$6260-03$a[مغرب] :$bدفاتر الثقافة الشعبية،$c[195؟]
=880  1\$6490-04$aسلسلة اعرف بلادك ؛$v3
=880  \0$6830-05$aسلسلة اعرف بلادك ؛$v3.
=959  \\$aNNU$bWEB$cGENI$t0$mElectronic access$s01
=999  \\$iNjP_450755$o(OCoLC)ocm84450587$sprinceton_aco004078:$e(ERROR-MISC)$sprinceton_aco004078:

