=LDR  02450nam a2200421Mi 4500
=001  417730
=003  NjP
=006  m\\\\\\\\d\\\\\\\\
=007  cr\cn\|||m|||a
=008  200626s1904\\\\ua\a\\\\o\\\\\000\0\ara\d
=040  \\$aZYU$bara$erda$cZYU
=100  1\$6880-01$aʻĪsá, Aḥmad,$cal-Duktūr.
=245  10$6880-02$aṢiḥḥat al-marʼah fī adwār ḥayātihā /$ctaʼlīf Aḥmad ʻĪsá.
=250  \\$6880-03$aal-Ṭabʻah 1.
=260  \\$6880-04$a[Cairo] :$b[publisher not identified],$c1904$e(Miṣr :$fMaṭbaʻat al-Muʼayyid)
=300  \\$aonline resource (280 pages) :$billustrations
=336  \\$atext$2rdacontent
=337  \\$acomputer$2rdamedia
=338  \\$aonline resource$2rdacarrier
=500  \\$aName on spine: Aḥmad Abū Shādī.
=500  \\$a"Wa-huwa mukhtaṣar fī al-qawāʻid al-ṣiḥḥīyah allatī yanbaghī an tatbaʻahā al-fatāh ḥāla al-bulūgh wa-al-zawāj wa-al-marʼah fī al-ḥaml wa-al-wilādah wa-al-nifās wa-al-raḍāʻ wa-waẓīfatihā naḥwa aṭfālihā."
=500  \\$aPart of the Arabic Collections Online (ACO) project, contributed by Princeton University Libraries.
=533  \\$aElectronic reproduction.$bNew York, N.Y. :$cNew York University,$d2020.$5NNU
=650  \0$aWomen$xHealth and hygiene.
=650  \0$aChildren$xHealth and hygiene.
=650  \7$aChildren$xHealth and hygiene.$2fast$0(OCoLC)fst00854953
=650  \7$aWomen$xHealth and hygiene.$2fast$0(OCoLC)fst01176758
=710  2\$aPrinceton University.$bLibrary.
=730  0\$aArabic Collections Online.
=776  08$iOnline version:$aʻĪsá, Aḥmad, al-Duktūr.$tṢiḥḥat al-marʼah fī adwār ḥayātihā.$bal-Ṭabʻah 1.$d[Cairo : s.n.], 1904 (Miṣr : Maṭbaʻat al-Muʼayyid)$w(OCoLC)656465512
=776  08$iPrint version:$aʻĪsá, Aḥmad, al-Duktūr.$tṢiḥḥat al-marʼah fī adwār ḥayātihā$w(NjP)417730$w(OCoLC)82496531
=856  40$uhttp://hdl.handle.net/2333.1/fbg79pbn 
=880  1\$6100-01$aعيسى، احمد،$cالدكتور.
=880  10$6245-02$aصحة المرأة في ادوار حياتها /$cتأليف احمد عيسى.
=880  \\$6250-03$aالطبعة 1.
=880  \\$6260-04$a[Cairo] :$b[publisher not identified],$c1904 (مصر :$fمطبعة المؤيد)
=959  \\$aNNU$bWEB$cGENI$t0$mElectronic access$s01
=999  \\$iNjP_417730$o(OCoLC)ocm82496531$sprinceton_aco004136:$e(ERROR-MISC)$sprinceton_aco004136:

