=LDR  01630nam a2200361Mi 4500
=001  1135591
=003  NjP
=006  m\\\\\\\\d\\\\\\\\
=007  cr\cn\|||m|||a
=008  200626s1960\\\\ir\\\\\\o\\\\\000\0\ara\d
=040  \\$aZYU$bara$erda$cZYU
=100  1\$6880-01$aMawlānā, Muḥammad,$d1877 or 1878-1943 or 1944.
=245  13$6880-02$aal-Tafsīr al-wajīz.
=260  \\$6880-03$a[Tabrīz]$bChāp-i Muḥammadī-i ʻIlmīya,$c1380 [1960 or 61]
=300  \\$aonline resource (414 pages)
=336  \\$atext$2rdacontent
=337  \\$acomputer$2rdamedia
=338  \\$aonline resource$2rdacarrier
=500  \\$aPart of the Arabic Collections Online (ACO) project, contributed by Princeton University Libraries.
=533  \\$aElectronic reproduction.$bNew York, N.Y. :$cNew York University,$d2020.$5NNU
=546  \\$aIn Arabic.
=630  00$aQurʼan$vCommentaries.
=630  07$aQurʼan.$2fast$0(OCoLC)fst01842877
=655  \7$aCommentaries.$2fast$0(OCoLC)fst01423723
=710  2\$aPrinceton University.$bLibrary.
=730  0\$aArabic Collections Online.
=776  08$iPrint version:$aMawlānā, Muḥammad, 1877 or 1878-1943 or 1944.$tal-Tafsīr al-wajīz$w(NjP)1135591$w(OCoLC)43110734
=856  40$uhttp://hdl.handle.net/2333.1/zpc86hm2 
=880  1\$6100-01$aمولانا، محمد،$d1877 or 1878-1943 or 1944.
=880  12$6245-02$aالتفسير الوجيز.
=880  \\$6260-03$a[تبرىز]$bچاپ محمدى عالمي،$c1380 [1960 or 61]
=959  \\$aNNU$bWEB$cGENI$t0$mElectronic access$s01
=999  \\$iNjP_1135591$o(OCoLC)ocm43110734$sprinceton_aco003991:$e(ERROR-MISC)$sprinceton_aco003991:

