=LDR  02022nam a2200409Mi 4500
=001  456355
=003  NjP
=006  m\\\\\\\\d\\\\\\\\
=007  cr\cn\|||m|||a
=008  200626s1952\\\\ua\\\\\\o\\\\\000\1\ara\d
=040  \\$aZYU$bara$erda$cZYU
=100  1\$6880-01$aʻAbd Allāh, Ṣūfī.
=245  10$6880-02$aNafartītī, rabbat al-jamāl wa-al-tāj /$ctaʼlīf Ṣūfī ʻAbd Allāh.
=260  \\$6880-03$aMiṣr :$bDār al-Hilāl,$c1952.
=300  \\$aonline resource (209 pages)
=336  \\$atext$2rdacontent
=337  \\$acomputer$2rdamedia
=338  \\$aonline resource$2rdacarrier
=490  1\$6880-04$aKitāb al-Hilāl ;$val-ʻadad 13 (Māyū 1952)
=500  \\$aNovel.
=500  \\$aPart of the Arabic Collections Online (ACO) project, contributed by Princeton University Libraries.
=533  \\$aElectronic reproduction.$bNew York, N.Y. :$cNew York University,$d2020.$5NNU
=600  00$aNefertiti,$cQueen of Egypt,$dactive 14th century B.C.$vFiction.
=600  07$aNefertiti,$cQueen of Egypt,$dactive 14th century B.C.$2fast$0(OCoLC)fst01837102
=655  \7$aFiction.$2fast$0(OCoLC)fst01423787
=710  2\$aPrinceton University.$bLibrary.
=730  0\$aArabic Collections Online.
=776  08$iPrint version:$aʻAbd Allāh, Ṣūfī.$tNafartītī, rabbat al-jamāl wa-al-tāj$w(NjP)456355$w(OCoLC)77880299
=830  \0$6880-05$aKitāb al-Hilāl ;$val-ʻadad 13 (Māyū 1952)
=856  40$uhttp://hdl.handle.net/2333.1/xksn0cnz 
=880  1\$6100-01$aعبد الله، صوفي.
=880  10$6245-02$aنفرتيتي، ربة الجمال والتاج /$cتأليف صوفي عبد الله.
=880  \\$6260-03$aمصر :$bدار الهلال،$c1952.
=880  1\$6490-04$aكتاب الهلال ؛$vالعدد 13 (مايو 1952)
=880  \0$6830-05$aكتاب الهلال ؛$vالعدد 13 (مايو 1952)
=959  \\$aNNU$bWEB$cGENI$t0$mElectronic access$s01
=999  \\$iNjP_456355$o(OCoLC)ocm77880299$sprinceton_aco004006:$e(ERROR-MISC)$sprinceton_aco004006:

