=LDR  02172nam a2200409Mi 4500
=001  4227375
=003  NjP
=006  m\\\\\\\\d\\\\\\\\
=007  cr\cn\|||m|||a
=008  200626s1931\\\\ua\\\\\\ov\\\\000\0\ara\d
=040  \\$aZYU$bara$erda$cZYU
=043  \\$af-ua---
=110  1\$6880-01$aEgypt.
=245  10$6880-02$aQānūn al-ʻUqūbāt al-ahlī :$bmudhayyal bi-aḥkām al-maḥākim al-ahlīyah li-ghāyat 1930 maʻa al-ishārah ilá al-mawādd al-faransīyah wa-al-mukhtalaṭah wa-al-ahlīyah wa-muʻaddal li-ghāyat Māyū 1931 /$cJamʻ K. al-Miṣrī.
=260  \\$6880-03$aMiṣr :$bal-Maṭbaʻah al-Raḥmānīyah,$c[1931]
=300  \\$aonline resource (409, 58, 15 pages)
=336  \\$atext$2rdacontent
=337  \\$acomputer$2rdamedia
=338  \\$aonline resource$2rdacarrier
=500  \\$aPart of the Arabic Collections Online (ACO) project, contributed by Princeton University Libraries.
=533  \\$aElectronic reproduction.$bNew York, N.Y. :$cNew York University,$d2020.$5NNU
=650  \0$aCriminal law$zEgypt.
=650  \0$aCriminal law$zEgypt$vCases.
=650  \7$aCriminal law.$2fast$0(OCoLC)fst00883328
=651  \7$aEgypt.$2fast$0(OCoLC)fst01208755
=655  \7$aTrials, litigation, etc.$2fast$0(OCoLC)fst01423712
=700  1\$6880-04$aMiṣrī, Kāmil.
=710  2\$aPrinceton University.$bLibrary.
=730  0\$aArabic Collections Online.
=776  08$iPrint version:$aEgypt.$tQānūn al-ʻUqūbāt al-ahlī$w(NjP)4227375$w(OCoLC)122859754
=856  40$uhttp://hdl.handle.net/2333.1/gmsbcnrm 
=880  1\$6110-01$aمصر.
=880  10$6245-02$aقانون العقوبات الاهلي :$bمذيل بأحکام المحاکم الاهلية لغاية ١٩٣٠ مع الاشارة الى المواد الفرنسية والمختلطة والاهلية ومعدل لغاية مايو ١٩٣١ /$cجمع ك. المصري.
=880  \\$6260-03$aمصر :$bالمطبعة الرحمانية،$c[١٩٣١]
=880  1\$6700-04$aمصري، کامل.
=959  \\$aNNU$bWEB$cGENI$t0$mElectronic access$s01
=999  \\$iNjP_4227375$o(OCoLC)ocn122859754$sprinceton_aco002486$e(ERROR-MISC)$sprinceton_aco002486

