=LDR  01754nam a2200349Mi 4500
=001  856710
=003  NjP
=006  m\\\\\\\\d\\\\\\\\
=007  cr\cn\|||m|||a
=008  200626s1857\\\\ua\\\\\\o\\\\\000\0\ara\d
=040  \\$aZYU$bara$erda$cZYU
=130  0\$6880-01$aMajmūʻ muzdawajāt.
=245  10$6880-02$aHādhā majmūʻ muzdawajāt wa-ghayrihā min al-funnūn.
=260  \\$6880-03$aMiṣr :$bMaṭbaʻat al-Ḥajar al-Ḥamīdah,$c1274 [1857=1858]
=300  \\$aonline resource (55 pages)
=336  \\$atext$2rdacontent
=337  \\$acomputer$2rdamedia
=338  \\$aonline resource$2rdacarrier
=500  \\$aPart of the Arabic Collections Online (ACO) project, contributed by Princeton University Libraries.
=533  \\$aElectronic reproduction.$bNew York, N.Y. :$cNew York University,$d2020.$5NNU
=650  \0$aArabic poetry.
=650  \7$aArabic poetry.$2fast$0(OCoLC)fst00812533
=710  2\$aPrinceton University.$bLibrary.
=730  0\$aArabic Collections Online.
=776  08$iOnline version:$aMajmūʻ muzdawajāt.$tHādhā majmūʻ muzdawajāt wa-ghayrihā min al-funnūn.$dMiṣr : Maṭbaʻat al-Ḥajar al-Ḥamīdah, 1274 [1857=1858]$w(OCoLC)656478586
=776  08$iPrint version:$tHādhā majmūʻ muzdawajāt wa-ghayrihā min al-funnūn$w(NjP)856710$w(OCoLC)29685634
=856  40$uhttp://hdl.handle.net/2333.1/66t1gb7d 
=880  0\$6130-01$aمجموع مزدوجات.
=880  10$6245-02$aهذا مجموع مزدوجات وغيرها من الفنون.
=880  \\$6260-03$aمصر :$bمطبعة الحجر الحميدة،$c1274 [1857=1858]
=959  \\$aNNU$bWEB$cGENI$t0$mElectronic access$s01
=999  \\$iNjP_856710$o(OCoLC)ocm29685634$sprinceton_aco002800$e(ERROR-MISC)$sprinceton_aco002800

