=LDR  02167nam a2200421Mi 4500
=001  503422
=003  NjP
=006  m\\\\\\\\d\\\\\\\\
=007  cr\cn\|||m|||a
=008  200626r19871976ir\\\\\\ob\\\\000\0\ara\d
=040  \\$aZYU$bara$erda$cZYU
=100  1\$6880-01$aṢadr, Muḥammad Bāqir.
=245  10$6880-02$aBuḥūth fī sharḥ al-ʻUrwah al-wuthqá /$ctaʼlīf Muḥammad Bāqir al-Ṣadr.
=250  \\$6880-03$aal-Ṭabʻah 2.
=260  \\$6880-04$a[Qum] :$bMajmaʻ al-Shahīd Āyat Allāh al-Ṣadr al-ʻIlmī,$c1408 [1986 or 1987]
=300  \\$aonline resource (2 volumes)
=336  \\$atext$2rdacontent
=337  \\$acomputer$2rdamedia
=338  \\$aonline resource$2rdacarrier
=500  \\$aPart of the Arabic Collections Online (ACO) project, contributed by Princeton University Libraries.
=504  \\$aIncludes bibliographical references.
=500  \\$aReprint. Originally published: Qum : al-Maktabah al-Islāmīyah al-Kubrá, 1397 [1976 or 1977].
=533  \\$aElectronic reproduction.$bNew York, N.Y. :$cNew York University,$d2020.$5NNU
=600  10$aṬabāṭabāʼī al-Yazdī, Muḥammad Kāẓim,$d-1919.$tʻUrwah al-wuthqá.
=650  \0$aPurity, Ritual$xIslam.
=650  \0$aShiites.
=650  \7$aPurity, Ritual$xIslam.$2fast$0(OCoLC)fst01084388
=650  \7$aShiites.$2fast$0(OCoLC)fst01115976
=710  2\$aPrinceton University.$bLibrary.
=730  0\$aArabic Collections Online.
=776  08$iPrint version:$aṢadr, Muḥammad Bāqir.$tBuḥūth fī sharḥ al-ʻUrwah al-wuthqá$w(NjP)503422$w(OCoLC)22316129
=856  40$uhttp://hdl.handle.net/2333.1/pk0p2z66 
=880  1\$6100-01$aصدر، محمد باقر.
=880  10$6245-02$aبحوث في شرح العروة الوثقى /$cتأليف محمد باقر الصدر.
=880  \\$6250-03$aالطبعة 2.
=880  \\$6260-04$a[Qum] :$bمجمع الشهيد آية الله الصدر العلمي،$c1408 [1987]
=959  \\$aNNU$bWEB$cGENI$t0$mElectronic access$s01
=999  \\$iNjP_503422$o(OCoLC)ocm22316129$sprinceton_aco003810:juz 1$sprinceton_aco003894:juz 2$e(ERROR-MISC)$sprinceton_aco003810:juz 1$sprinceton_aco003894:juz 2

