=LDR  01952nam a2200445Mi 4500
=001  340619
=003  NjP
=006  m\\\\\\\\d\\\\\\\\
=007  cr\cn\|||m|||a
=008  200626s1925\\\\ua\c\\\\o\\\\\000\0\arard
=040  \\$aZYU$bara$erda$cZYU
=043  \\$aaw-----
=100  1\$6880-01$aʻAẓm, Rafīq,$d1865 or 1866-1925.
=240  10$aWorks.$kSelections.$f1925
=245  10$6880-02$a[Majmūʻat āthār Rafīq Bak al-ʻAẓm].
=250  \\$6880-03$aal-Ṭabʻah 1.
=260  \\$6880-04$aMiṣr :$bMaṭbaʻat al-Manār,$c[1344 i.e. 1925 or 1926]
=300  \\$aonline resource (12, 148, 87 pages) :$bportrait
=336  \\$atext$2rdacontent
=337  \\$acomputer$2rdamedia
=338  \\$aonline resource$2rdacarrier
=500  \\$aEach work has special t.p.
=500  \\$aPart of the Arabic Collections Online (ACO) project, contributed by Princeton University Libraries.
=533  \\$aElectronic reproduction.$bNew York, N.Y. :$cNew York University,$d2020.$5NNU
=651  \0$aMiddle East$xCivilization$y1796-
=650  \0$aIslam.
=650  \7$aCivilization.$2fast$0(OCoLC)fst00862898
=650  \7$aIslam.$2fast$0(OCoLC)fst00979776
=651  \7$aMiddle East.$2fast$0(OCoLC)fst01241586
=648  \7$aSince 1796$2fast
=710  2\$aPrinceton University.$bLibrary.
=730  0\$aArabic Collections Online.
=776  08$iPrint version:$aʻAẓm, Rafīq, 1865 or 1866-1925.$t[Majmūʻat āthār Rafīq Bak al-ʻAẓm]$w(NjP)340619$w(OCoLC)79241797
=856  40$uhttp://hdl.handle.net/2333.1/t1g1k6jh 
=880  1\$6100-01$aعظم، رفيق،$d1865 or 1866-1925.
=880  10$6245-02$a[مجموعة آثار رفيق بك العظم].
=880  \\$6250-03$aالطبعة 1.
=880  \\$6260-04$aمصر :$bمطبعة المنار،$c[1344 i.e. 1925 or 1926]
=959  \\$aNNU$bWEB$cGENI$t0$mElectronic access$s01
=999  \\$iNjP_340619$o(OCoLC)ocm79241797$sprinceton_aco002459$e(ERROR-880)(ERROR-MISC)$sprinceton_aco002459

