=LDR  01698nam a2200349Mi 4500
=001  2787843
=003  NjP
=006  m\\\\\\\\d\\\\\\\\
=007  cr\cn\|||m|||a
=008  200626s1961\\\\ir\\\\\\o\\\\\000\0\ara\d
=040  \\$aZYU$bara$erda$cZYU
=100  1\$6880-01$aḤakīm, Muḥammad ʻAlī,$d1903 or 1904-
=245  10$6880-02$aLaṭāʼif al-ʻirfān :$baz durūs-i dawreh-yi dukturī-yi Danishkadeh-yi ʻulūm-i maʻqūl va manqūl.
=260  \\$6880-03$aTehran :$bChāpkhāneh-yi Dānishgāh,$c1340 [1961]
=300  \\$aonline resource (328 pages)
=336  \\$atext$2rdacontent
=337  \\$acomputer$2rdamedia
=338  \\$aonline resource$2rdacarrier
=500  \\$aPart of the Arabic Collections Online (ACO) project, contributed by Princeton University Libraries.
=533  \\$aElectronic reproduction.$bNew York, N.Y. :$cNew York University,$d2020.$5NNU
=546  \\$aIn Arabic.
=650  \0$aSufism.
=650  \7$aSufism.$2fast$0(OCoLC)fst01137257
=710  2\$aPrinceton University.$bLibrary.
=730  0\$aArabic Collections Online.
=776  08$iPrint version:$aḤakīm, Muḥammad ʻAlī, 1903 or 1904-$tLaṭāʼif al-ʻirfān$w(NjP)2787843$w(OCoLC)42862537
=856  40$uhttp://hdl.handle.net/2333.1/tb2rbzrk 
=880  1\$6100-01$aحكيم، محمد علي،$d1903 or 1904-
=880  10$6245-02$aلطائف العرفان :$bاز دروس دورهى دکترىى دنشکدهى علوم معقول و منقول.
=880  \\$6260-03$aتهران :$bچاپخانهى دانشگاه،$c1340 [1961]
=959  \\$aNNU$bWEB$cGENI$t0$mElectronic access$s01
=999  \\$iNjP_2787843$o(OCoLC)ocm42862537$sprinceton_aco003163$e(ERROR-MISC)$sprinceton_aco003163

