=LDR  02174nam a2200445Mi 4500
=001  478007
=003  NjP
=006  m\\\\\\\\d\\\\\\\\
=007  cr\cn\|||m|||a
=008  200626s1948\\\\ua\\\\\\o\\\\\000\0\ara\d
=040  \\$aZYU$bara$erda$cZYU
=043  \\$aa-is---
=100  1\$6880-01$aṢādiq, Maḥmūd Muḥammad.
=240  10$6880-02$aMalḥamat al-ḥarb al-muqaddasah
=245  10$6880-03$aBi-al-dimāʼ tuḥarraru al-awṭān /$c[Maḥmūd Muḥammad Ṣādiq].
=250  \\$6880-04$aal-Ṭabʻah 1.
=260  \\$6880-05$aMiṣr :$bDār al-Maʻārif,$c1948.
=300  \\$aonline resource (19 pages)
=336  \\$atext$2rdacontent
=337  \\$acomputer$2rdamedia
=338  \\$aonline resource$2rdacarrier
=500  \\$aIncludes: Malḥamat al-ḥarb al-muqaddasah ; wa-Nashīd al-ʻurūbah fī taḥrīr Filasṭīn.
=500  \\$aPart of the Arabic Collections Online (ACO) project, contributed by Princeton University Libraries.
=533  \\$aElectronic reproduction.$bNew York, N.Y. :$cNew York University,$d2020.$5NNU
=651  \0$aPalestine$vPoetry.
=651  \7$aMiddle East$zPalestine.$2fast$0(OCoLC)fst01207534
=655  \7$aPoetry.$2fast$0(OCoLC)fst01423828
=700  12$6880-06$aṢādiq, Maḥmūd Muḥammad.$tNashīd al-ʻurūbah fī taḥrīr Filasṭīn.
=710  2\$aPrinceton University.$bLibrary.
=730  0\$aArabic Collections Online.
=776  08$iPrint version:$aṢādiq, Maḥmūd Muḥammad.$tBi-al-dimāʼ tuḥarraru al-awṭān$w(NjP)478007$w(OCoLC)26034149
=856  40$uhttp://hdl.handle.net/2333.1/0cfxpzhp 
=880  1\$6100-01$aصادق، محمود محمد.
=880  10$6240-02$aملحمة الحرب المقدسة
=880  10$6245-03$aبالدماء تحرر الاوطان /$c[محمود محمد صادق].
=880  \\$6250-04$aالطبعة 1.
=880  \\$6260-05$aمصر :$bدار المعارف،$c1948.
=880  12$6700-06$aصادق، محمود محمد.$tنشيد العروبة في تحرير فلسطين.
=959  \\$aNNU$bWEB$cGENI$t0$mElectronic access$s01
=999  \\$iNjP_478007$o(OCoLC)ocm26034149$sprinceton_aco003731:$e(ERROR-MISC)$sprinceton_aco003731:

