=LDR  02137nam a2200409Mi 4500
=001  800726
=003  NjP
=006  m\\\\\\\\d\\\\\\\\
=007  cr\cn\|||m|||a
=008  200626m19319999iq\\\\\\o\\\\\000\0\ara\d
=040  \\$aZYU$bara$erda$cZYU
=100  1\$6880-01$aḤusayn, Muḥammad.
=240  10$6880-02$aMaʻārif al-Ḥusaynīyah
=245  13$6880-03$aal-Juzʼ al-awwal min al-Maʻārif al-Ḥusaynīyah :$bkitāb akhlāqī tārīkhī yabḥathu ʻan muhimmāt al-ʻaqāʼid /$cli-muʻallifihi Muḥammad Ḥusayn.
=246  3\$6880-04$aMaʻārif al-Ḥusaynīyah
=260  \\$6880-05$aal-Najaf :$bal-Maṭbaʻah al-Ḥaydarīyah,$c1350- [1931 or 1932-]
=300  \\$aonline resource (volumes)
=336  \\$atext$2rdacontent
=337  \\$acomputer$2rdamedia
=338  \\$aonline resource$2rdacarrier
=500  \\$aPart of the Arabic Collections Online (ACO) project, contributed by Princeton University Libraries.
=533  \\$aElectronic reproduction.$bNew York, N.Y. :$cNew York University,$d2020.$5NNU
=650  \0$aMuslims$xConduct of life.
=650  \7$aMuslims$xConduct of life.$2fast$0(OCoLC)fst01031037
=710  2\$aPrinceton University.$bLibrary.
=730  0\$aArabic Collections Online.
=740  0\$6880-06$aMaʻārif al-Ḥusaynīyah
=776  08$iPrint version:$aḤusayn, Muḥammad.$tal-Juzʼ al-awwal min al-Maʻārif al-Ḥusaynīyah$w(NjP)800726$w(OCoLC)27983805
=856  40$uhttp://hdl.handle.net/2333.1/q573ngj7 
=880  0\$6100-01$aمحمد حسين.
=880  10$6240-02$aمعارف الحسينية
=880  12$6245-03$aالجزء الاول من المعارف الحسينية :$bكتاب اخلاقي تاريخي يبحث عن مهمات العقائد /$cلمؤلفه محمد حسين.
=880  3\$6246-04$aمعارف الحسينية
=880  \\$6260-05$aالنجف :$bالمطبعه الحيدرية،$c١٣٥٠- [١٩٣١ او ١٩٣٢-]
=880  0\$6740-06$aمعارف الحسينية.
=959  \\$aNNU$bWEB$cGENI$t0$mElectronic access$s01
=999  \\$iNjP_800726$o(OCoLC)ocm27983805$sprinceton_aco002691:juz 1$e(ERROR-MISC)$sprinceton_aco002691:juz 1

