=LDR  02097nam a2200385Mi 4500
=001  1656417
=003  NjP
=006  m\\\\\\\\d\\\\\\\\
=007  cr\cn\|||m|||a
=008  200626s1892\\\\ua\\\\\\o\\\\\000\0\ara\d
=040  \\$aZYU$bara$erda$cZYU
=100  1\$6880-01$aIbn al-Jazarī, Muḥammad ibn Muḥammad,$d1350-1429.
=240  10$6880-02$aZahr al-fāʼiḥ fī dhikr man tanazzah ʻan al-dhunūb wa-al-qabāʼiḥ
=245  10$6880-03$aKitāb al-zahr al-fāʼiḥ fī dhikr man tanazzah ʻan al-dhunūb wa-al-qabāʼiḥ /$cIbn al-Jazarī.
=260  \\$6880-04$a[al-Qāhirah?] :$b[publisher not identified],$c1310 [1892]
=300  \\$aonline resource (64 pages)
=336  \\$atext$2rdacontent
=337  \\$acomputer$2rdamedia
=338  \\$aonline resource$2rdacarrier
=500  \\$aPart of the Arabic Collections Online (ACO) project, contributed by Princeton University Libraries.
=533  \\$aElectronic reproduction.$bNew York, N.Y. :$cNew York University,$d2020.$5NNU
=650  \0$aSin$xIslam.
=650  \0$aReligious life$xIslam.
=650  \7$aReligious life$xIslam.$2fast$0(OCoLC)fst01094119
=650  \7$aSin$xIslam.$2fast$0(OCoLC)fst01119202
=710  2\$aPrinceton University.$bLibrary.
=730  0\$aArabic Collections Online.
=776  08$iPrint version:$aIbn al-Jazarī, Muḥammad ibn Muḥammad, 1350-1429.$tKitāb al-zahr al-fāʼiḥ fī dhikr man tanazzah ʻan al-dhunūb wa-al-qabāʼiḥ$w(NjP)1656417$w(OCoLC)704352176
=856  40$uhttp://hdl.handle.net/2333.1/000008kr 
=880  1\$6100-01$aابن الجزري، محمد بن محمد،$d1350-1429.
=880  10$6240-02$aزهر الفائح في ذكر من تنزة عن الذنوب والقبائح
=880  10$6245-03$aكتاب الزهر الفائح في ذكر من تنزة عن الذنوب والقبائح /$cابن الجزري.
=880  \\$6260-04$a[القاهره؟] :$b[publisher not identified]،$c1310 [1892]
=959  \\$aNNU$bWEB$cGENI$t0$mElectronic access$s01
=999  \\$iNjP_1656417$o(OCoLC)ocn704352176$sprinceton_aco004344:$e(ERROR-MISC)$sprinceton_aco004344:

