=LDR  01509nam a2200349Mi 4500
=001  2834748
=003  NjP
=006  m\\\\\\\\d\\\\\\\\
=007  cr\cn\|||m|||a
=008  200626s1946\\\\ua\\\\\\o\\\\\000\0\ara\d
=040  \\$aZYU$bara$erda$cZYU
=100  1\$6880-01$aShalabī, Maḥmūd.
=245  10$6880-02$aMuʻjizat al-Qurʼān fī jannat al-Riḍwān.
=260  \\$6880-03$aMiṣr :$bMaktabat al-Ādāb,$c1946.
=300  \\$aonline resource (252 pages)
=336  \\$atext$2rdacontent
=337  \\$acomputer$2rdamedia
=338  \\$aonline resource$2rdacarrier
=500  \\$aPart of the Arabic Collections Online (ACO) project, contributed by Princeton University Libraries.
=533  \\$aElectronic reproduction.$bNew York, N.Y. :$cNew York University,$d2020.$5NNU
=546  \\$aIn Arabic.
=650  \0$aParadise$xIslam.
=650  \7$aParadise$xIslam.$2fast$0(OCoLC)fst01052834
=710  2\$aPrinceton University.$bLibrary.
=730  0\$aArabic Collections Online.
=776  08$iPrint version:$aShalabī, Maḥmūd.$tMuʻjizat al-Qurʼān fī jannat al-Riḍwān$w(NjP)2834748$w(OCoLC)42911050
=856  40$uhttp://hdl.handle.net/2333.1/p8cz9618 
=880  1\$6100-01$aشلبي، محمود.
=880  10$6245-02$aمعجزة القرآن في جنة الرضوان.
=880  \\$6260-03$aمصر :$bمكتبة الاداب،$c1946.
=959  \\$aNNU$bWEB$cGENI$t0$mElectronic access$s01
=999  \\$iNjP_2834748$o(OCoLC)ocm42911050$sprinceton_aco003067$e(ERROR-MISC)$sprinceton_aco003067

