=LDR  02064nam a2200409Mi 4500
=001  857321
=003  NjP
=006  m\\\\\\\\d\\\\\\\\
=007  cr\cn\|||m|||a
=008  200626s1947\\\\ir\\\\\\o\\\\\000\0\ara\d
=040  \\$aZYU$bara$erda$cZYU
=100  1\$6880-01$aKirmānī, Muḥammad Karīm Khān,$d-1871 or 1872.
=240  10$6880-02$aJāmiʻ li-aḥkām al-sharāʼiʻ
=245  10$6880-03$aKitāb al-jāmiʻ li-aḥkām al-sharāʼiʻ /$cmin muʼallafāt Muḥammad Karīm Khān al-Kirmānī.
=246  3\$6880-04$aJāmiʻ li-aḥkām al-sharāʼiʻ
=250  \\$6880-05$aal-Ṭabʻah 1.
=260  \\$6880-06$aKirmān :$bMaṭbaʻat al-Saʻādah,$c1367 [1947 or 1948]
=300  \\$aonline resource (559 pages)
=336  \\$atext$2rdacontent
=337  \\$acomputer$2rdamedia
=338  \\$aonline resource$2rdacarrier
=500  \\$aPart of the Arabic Collections Online (ACO) project, contributed by Princeton University Libraries.
=533  \\$aElectronic reproduction.$bNew York, N.Y. :$cNew York University,$d2020.$5NNU
=650  \0$aIslamic law.
=650  \7$aIslamic law.$2fast$0(OCoLC)fst00979949
=710  2\$aPrinceton University.$bLibrary.
=730  0\$aArabic Collections Online.
=776  08$iPrint version:$aKirmānī, Muḥammad Karīm Khān, -1871 or 1872.$tKitāb al-jāmiʻ li-aḥkām al-sharāʼiʻ$w(NjP)857321$w(OCoLC)29685587
=856  40$uhttp://hdl.handle.net/2333.1/5hqbzw4x 
=880  1\$6100-01$aكرماني، محمد كريم خان،$d-1871 or 1872.
=880  10$6240-02$aجامع لاحكام الشرائع
=880  10$6245-03$aكتاب الجامع لاحكام الشرائع /$cمن مؤلفات محمد كريم خان الكرماني.
=880  3\$6246-04$aجامع لاحكام الشرائع
=880  \\$6250-05$aالطبعة 1.
=880  \\$6260-06$aكرمان :$bمطبعة السعادة،$c1367 [1947 or 1948]
=959  \\$aNNU$bWEB$cGENI$t0$mElectronic access$s01
=999  \\$iNjP_857321$o(OCoLC)ocm29685587$sprinceton_aco004403:$e(ERROR-MISC)$sprinceton_aco004403:

