=LDR  02355nam a2200457Mi 4500
=001  463116
=003  NjP
=006  m\\\\\\\\d\\\\\\\\
=007  cr\cn\|||m|||a
=008  200626s1960\\\\iq\\\\\\o\\\\f000\0\ara\d
=040  \\$aZYU$bara$erda$cZYU
=043  \\$aa-iq---
=100  1\$6880-01$aQāsim, ʻAbd al-Karīm,$d1914-1963.
=245  13$6880-02$aal-Shaʻb maʻanā :$bbayān siyādat al-zaʻīm ʻAbd al-Karīm Qāsim ilá abnāʼ al-shaʻb al-ʻIrāqī yawm 31 Ādhār 1960.
=260  \\$6880-03$a[Baghdad] :$bMudīrīyat al-Funūn wa-al-Thaqāfah al-Shaʻbīyah, Wizārat al-Irshād,$c[1960]
=300  \\$aonline resource (15 pages)
=336  \\$atext$2rdacontent
=337  \\$acomputer$2rdamedia
=338  \\$aonline resource$2rdacarrier
=490  1\$6880-04$aSilsilat al-thaqāfah al-shaʻbīyah
=500  \\$aCover title.
=500  \\$aPart of the Arabic Collections Online (ACO) project, contributed by Princeton University Libraries.
=533  \\$aElectronic reproduction.$bNew York, N.Y. :$cNew York University,$d2020.$5NNU
=651  \0$aIraq$xHistory$y1958-
=600  10$aQāsim, ʻAbd al-Karīm,$d1914-1963.
=600  17$aQāsim, ʻAbd al-Karīm,$d1914-1963$2fast$0(OCoLC)fst00270698
=651  \7$aIraq.$2fast$0(OCoLC)fst01205757
=648  \7$aSince 1958$2fast
=655  \7$aHistory.$2fast$0(OCoLC)fst01411628
=710  2\$aPrinceton University.$bLibrary.
=730  0\$aArabic Collections Online.
=776  08$iPrint version:$aQāsim, ʻAbd al-Karīm, 1914-1963.$tal-Shaʻb maʻanā$w(NjP)463116$w(OCoLC)26003914
=830  \0$6880-05$aSilsilat al-thaqāfah al-shaʻbīyah.
=856  40$uhttp://hdl.handle.net/2333.1/sf7m0p6g 
=880  1\$6100-01$aقاسم، عبد الكريم،$d1914-1963.
=880  12$6245-02$aالشعب معنا :$bبيان سيادة الزعيم عبد الكريم قاسم الى ابناء الشعب العراقي يوم 31 آذار 1960.
=880  \\$6260-03$a[بغداد] :$bمديرية الفنون والثقافة الشعبية، وزارة الارشاد،$c[1960]
=880  1\$6490-04$aسلسلة الثقافة الشعبية 
=880  \0$6830-05$aسلسلة الثقافة الشعبية.
=959  \\$aNNU$bWEB$cGENI$t0$mElectronic access$s01
=999  \\$iNjP_463116$o(OCoLC)ocm26003914$sprinceton_aco003787:$e(ERROR-MISC)$sprinceton_aco003787:

