=LDR  01486nam a2200337Mi 4500
=001  459313
=003  NjP
=006  m\\\\\\\\d\\\\\\\\
=007  cr\cn\|||m|||a
=008  200626s1950\\\\ua\\\\\\o\\\\\000\0\ara\d
=040  \\$aZYU$bara$erda$cZYU
=100  1\$6880-01$aḤakīm, Tawfīq.
=245  10$6880-02$aAshʻab :$bʼamīr al-ṭufaylīyīn /$ctaʼlīf Tawfīq ʼal-Ḥakīm.
=260  \\$6880-03$aMiṣr :$bDār al-Hilāl,$c[195-?]
=300  \\$aonline resource (194 pages)
=336  \\$atext$2rdacontent
=337  \\$acomputer$2rdamedia
=338  \\$aonline resource$2rdacarrier
=500  \\$aPart of the Arabic Collections Online (ACO) project, contributed by Princeton University Libraries.
=533  \\$aElectronic reproduction.$bNew York, N.Y. :$cNew York University,$d2020.$5NNU
=600  00$aAshʻab,$d-771?
=600  07$aAshʻab,$d-771?.$2fast$0(OCoLC)fst01805472
=710  2\$aPrinceton University.$bLibrary.
=730  0\$aArabic Collections Online.
=776  08$iPrint version:$aḤakīm, Tawfīq.$tAshʻab$w(NjP)459313$w(OCoLC)84981683
=856  40$uhttp://hdl.handle.net/2333.1/hdr7t1m8 
=880  1\$6100-01$aحكيم، توفيق.
=880  10$6245-02$aاشعب :$bأمير الطفيليين /$cتأليف توفيق ألحكيم.
=880  \\$6260-03$aمصر :$bدار الهلال،$c[195-?]
=959  \\$aNNU$bWEB$cGENI$t0$mElectronic access$s01
=999  \\$iNjP_459313$o(OCoLC)ocm84981683$sprinceton_aco004274:$e(ERROR-MISC)$sprinceton_aco004274:

