=LDR  02093nam a2200409Mi 4500
=001  444755
=003  NjP
=006  m\\\\\\\\d\\\\\\\\
=007  cr\cn\|||m|||a
=008  200626s1970\\\\iq\\\\\\o\\\\\000\0\ara\d
=040  \\$aZYU$bara$erda$cZYU
=100  1\$6880-01$aShams al-Dīn, Muḥammad Mahdī.
=245  10$6880-02$aThawrat al-Ḥusayn fī al-wāqiʻ al-tārīkhī wa-al-wijdān al-shaʻbī /$cMuḥammad Mahdī Shams al-Dīn.
=260  \\$6880-03$aal-Najaf :$bMaṭbaʻat al-Ādāb,$c1390 [1970 or 1971]
=300  \\$aonline resource (70 pages)
=336  \\$atext$2rdacontent
=337  \\$acomputer$2rdamedia
=338  \\$aonline resource$2rdacarrier
=490  1\$6880-04$aMin hudá al-Najaf ;$v4
=500  \\$aPart of the Arabic Collections Online (ACO) project, contributed by Princeton University Libraries.
=533  \\$aElectronic reproduction.$bNew York, N.Y. :$cNew York University,$d2020.$5NNU
=600  00$aḤusayn ibn ʻAlī,$d-680.
=650  \0$aShīʻah$xCustoms and practices.
=600  07$aḤusayn ibn ʻAlī,$d-680.$2fast$0(OCoLC)fst01825184
=650  \7$aShīʻah$xCustoms and practices.$2fast$0(OCoLC)fst01117947
=710  2\$aPrinceton University.$bLibrary.
=730  0\$aArabic Collections Online.
=776  08$iPrint version:$aShams al-Dīn, Muḥammad Mahdī.$tThawrat al-Ḥusayn fī al-wāqiʻ al-tārīkhī wa-al-wijdān al-shaʻbī$w(NjP)444755$w(OCoLC)81576950
=830  \0$6880-05$aMin hudá al-Najaf ;$v4.
=856  40$uhttp://hdl.handle.net/2333.1/kkwh79jf 
=880  1\$6100-01$aشمس الدين، محمد مهدي.
=880  10$6245-02$aثورة الحسين في الواقع التاريخي والوجدان الشعبي /$cمحمد مهدي شمس الدين.
=880  \\$6260-03$aالنجف :$bمطبعة الاداب،$c1390 [1970 or 1971]
=880  1\$6490-04$aمن هدى النجف ؛$v4
=880  \0$6830-05$aمن هدى النجف ؛$v4.
=959  \\$aNNU$bWEB$cGENI$t0$mElectronic access$s01
=999  \\$iNjP_444755$o(OCoLC)ocm81576950$sprinceton_aco003667:$e(ERROR-MISC)$sprinceton_aco003667:

