=LDR  02433nam a2200409Mi 4500
=001  809034
=003  NjP
=006  m\\\\\\\\d\\\\\\\\
=007  cr\cn\|||m|||a
=008  200626m19809999ir\\\\\\o\\\\\000\0\ara\d
=040  \\$aZYU$bara$erda$cZYU
=100  1\$6880-01$aImāmī Kāshānī, Ḥusayn.
=240  10$6880-02$aDirāsāt uṣūl al-fiqh ʻalá tartīb Uṣūl al-Imāmīyah
=245  13$6880-03$aal-Jild al-awwal[-al-thānī] min Dirāsāt uṣūl al-fiqh ʻalá tartīb Uṣūl al-Imāmīyah /$cli-muʼallifihi Ḥusayn al-Imāmī al-Kāshānī.
=246  3\$6880-04$aDirāsāt uṣūl al-fiqh ʻalá tartīb Uṣūl al-Imāmīyah
=260  \\$6880-05$aIṣfahān :$bMaṭbaʻat al-Rabbānī,$c[198-?]-
=300  \\$aonline resource (volumes)
=336  \\$atext$2rdacontent
=337  \\$acomputer$2rdamedia
=338  \\$aonline resource$2rdacarrier
=500  \\$aPart of the Arabic Collections Online (ACO) project, contributed by Princeton University Libraries.
=533  \\$aElectronic reproduction.$bNew York, N.Y. :$cNew York University,$d2020.$5NNU
=650  \0$aIslamic law$xInterpretation and construction.
=650  \0$aShiites.
=650  \7$aIslamic law$xInterpretation and construction.$2fast$0(OCoLC)fst00979955
=650  \7$aShiites.$2fast$0(OCoLC)fst01115976
=710  2\$aPrinceton University.$bLibrary.
=730  0\$aArabic Collections Online.
=776  08$iPrint version:$aImāmī Kāshānī, Ḥusayn.$tal-Jild al-awwal[-al-thānī] min Dirāsāt uṣūl al-fiqh ʻalá tartīb Uṣūl al-Imāmīyah$w(NjP)809034$w(OCoLC)28191735
=856  40$uhttp://hdl.handle.net/2333.1/3xsj44k5 
=880  1\$6100-01$aامامي كاشاني، حسين.
=880  10$6240-02$aدراسات اصول الفقه على ترتيب اصول الامامية
=880  12$6245-03$aالجلد الاول[الثاني] من دراسات اصول الفقه على ترتيب اصول الامامية /$cلمؤلفه حسين الامامي الكاشاني.
=880  3\$6246-04$aدراسات اصول الفقه على ترتيب اصول الامامية
=880  \\$6260-05$aاصفهان :$bمطبعة الرباني،$c[198-?]-
=959  \\$aNNU$bWEB$cGENI$t0$mElectronic access$s01
=999  \\$iNjP_809034$o(OCoLC)ocm28191735$sprinceton_aco003437:jild 1$sprinceton_aco003440:jild 2$e(ERROR-MISC)$sprinceton_aco003437:jild 1$sprinceton_aco003440:jild 2

