=LDR  01999nam a2200385Mi 4500
=001  1475136
=003  NjP
=006  m\\\\\\\\d\\\\\\\\
=007  cr\cn\|||m|||a
=008  200626s1905\\\\ua\c\\\\o\\\\\000\0\ara\d
=040  \\$aZYU$bara$erda$cZYU
=050  \4$aDS85$b.F3
=100  1\$6880-01$aFāʼiz, Khalīl Hammām.
=245  10$6880-02$aAbū Samrā Ghānim aw al-Baṭal al-Lubnānī /$ctaʼlīf Khalīl Hammām Fāʼiz = Abou Samra Ghanem ou le héros libanais, par Khalil Hammam Faiez.
=246  3\$6880-03$aBaṭal al-Lubnānī
=246  3\$aAbou Samra Ghanem ou le héros libanais
=246  3\$aHéros libanais
=260  \\$a[Cairo] :$b[publisher not identified],$c[1905]
=300  \\$aonline resource (250 pages) :$bportrait
=336  \\$atext$2rdacontent
=337  \\$acomputer$2rdamedia
=338  \\$aonline resource$2rdacarrier
=500  \\$aPart of the Arabic Collections Online (ACO) project, contributed by Princeton University Libraries.
=533  \\$aElectronic reproduction.$bNew York, N.Y. :$cNew York University,$d2020.$5NNU
=600  00$aAbū Samrā Ghānim,$d-1895.
=710  2\$aPrinceton University.$bLibrary.
=730  0\$aArabic Collections Online.
=776  08$iOnline version:$aFāʼiz, Khalīl Hammām.$tAbū Samrā Ghānim aw al-Baṭal al-Lubnānī.$dal-Qāhirah, 1905$w(OCoLC)656784851
=776  08$iPrint version:$aFāʼiz, Khalīl Hammām.$tAbū Samrā Ghānim aw al-Baṭal al-Lubnānī$w(NjP)1475136$w(OCoLC)31026850
=856  40$uhttp://hdl.handle.net/2333.1/0rxwdncj 
=880  1\$6100-01$aفائز، خليل همام.
=880  10$6245-02$aابو سمرا غانم او البطل اللبناني /$cتأليف خليل همام فائز = Abou Samra Ghanem ou le héros libanais / par Khalil Hammam Faiez.
=880  3\$6246-03$aبطل اللبناني
=959  \\$aNNU$bWEB$cGENI$t0$mElectronic access$s01
=999  \\$iNjP_1475136$o(OCoLC)ocm31026850$sprinceton_aco004300:$e(ERROR-880)$sprinceton_aco004300:

