=LDR  02163nam a2200457Mi 4500
=001  319504
=003  NjP
=006  m\\\\\\\\d\\\\\\\\
=007  cr\cn\|||m|||a
=008  200626m19249999ua\\\\\\o\\\\\000\0\ara\d
=040  \\$aZYU$bara$erda$cZYU
=041  1\$aara$heng
=100  1\$aHenry, Matthew,$d1662-1714.
=240  10$aExposition of the Old and New Testaments.$lArabic
=245  10$6880-01$aTafsīr al-Kitāb al-muqaddas =$bMatthew Henry's commentary /$cli-Mattá Hinrī ; taʻrīb Ḥāfiẓ Dāʼūd.
=260  \\$6880-02$aMiṣr :$bMaṭbaʻat Raʻamsīs,$c1924-
=300  \\$aonline resource (volumes)
=336  \\$atext$2rdacontent
=337  \\$acomputer$2rdamedia
=338  \\$aonline resource$2rdacarrier
=500  \\$aTranslation of: An exposition of the Old and New Testament.
=500  \\$aPart of the Arabic Collections Online (ACO) project, contributed by Princeton University Libraries.
=505  1\$a[1] Tafsīr li-sifr al-Jāmiʻah.
=533  \\$aElectronic reproduction.$bNew York, N.Y. :$cNew York University,$d2020.$5NNU
=630  00$aBible$vCommentaries.
=630  07$aBible.$2fast$0(OCoLC)fst01356024
=655  \7$aCommentaries.$2fast$0(OCoLC)fst01423723
=700  1\$6880-03$aDāʼūd, Ḥāfiẓ.
=710  2\$aPrinceton University.$bLibrary.
=730  02$6880-04$aBible.$lArabic.$f1924.$sDāʼūd.
=730  0\$aArabic Collections Online.
=740  0\$aMatthew Henry's commentary.
=740  0\$aCommentary.
=776  08$iPrint version:$aHenry, Matthew, 1662-1714.$tTafsīr al-Kitāb al-muqaddas =$w(NjP)319504$w(OCoLC)82635641
=856  40$uhttp://hdl.handle.net/2333.1/3n5tbcd4 
=880  10$6245-01$aتفسير الكتاب المقدس =$bMatthew Henry's commentary  /$cلمتى هنري ؛ تعريب حافظ داؤود.
=880  \\$6260-02$aمصر :$bمطبعة رعمسيس،$c1924-
=880  1\$6700-03$aداؤود، حافظ.
=880  02$6730-04$aالكتاب المقدس.$lعربي.$f1924.$sداؤود.
=959  \\$aNNU$bWEB$cGENI$t0$mElectronic access$s01
=999  \\$iNjP_319504$o(OCoLC)ocm82635641$sprinceton_aco004240:juz 1$e(ERROR-880)(ERROR-MISC)$sprinceton_aco004240:juz 1

