=LDR  02058nam a2200409Mi 4500
=001  1708529
=003  NjP
=006  m\\\\\\\\d\\\\\\\\
=007  cr\cn\|||m|||a
=008  200626s1952\\\\le\\\\\\o\\\\\000\0\ara\d
=040  \\$aZYU$bara$erda$cZYU
=245  00$6880-01$aIsrāʼī l :$bkhaṭar iqtiṣādī wacaskarī wa-siyāsī /$caʻadduhu al-Maktah al-Dāʼim li-Ittiḥād Ghuraf al-Ṣināʻah wa-al-Tijārah wa-al-Zirāʻah fī al-Bīlād al-ʻArabīyah.
=250  \\$6880-02$aal-Ṭabʻah 2.
=260  \\$6880-03$aBayrūt :$bDār al-ʻIlm lil-Malāyīn,$c[1952]
=300  \\$aonline resource (192 pages)
=336  \\$atext$2rdacontent
=337  \\$acomputer$2rdamedia
=338  \\$aonline resource$2rdacarrier
=500  \\$aPart of the Arabic Collections Online (ACO) project, contributed by Princeton University Libraries.
=500  \\$aNon-Latin script record
=500  \\$aNon-Latin script record
=500  \\$aNon-Latin script record
=500  \\$aNon-Latin script record
=500  \\$aNon-Latin script record
=500  \\$aNon-Latin script record
=533  \\$aElectronic reproduction.$bNew York, N.Y. :$cNew York University,$d2020.$5NNU
=650  \0$aZionism.
=710  2\$aPrinceton University.$bLibrary.
=730  0\$aArabic Collections Online.
=776  08$iOnline version:$tIsrāʼīl.$bal-Ṭabʻah 2.$dBayrūt : Dār al-ʻIlm lil-Malāyīn, [1952]$w(OCoLC)645809058
=776  08$iPrint version:$tIsrāʼī l$w(NjP)1708529$w(OCoLC)23921904
=856  40$uhttp://hdl.handle.net/2333.1/mpg4fff2 
=880  00$6245-01$aاسرائيل:$bخطر اقتصادي وعسكري وسياسي /$cاعده المكتب الدائم لاتحاد غرف الصناعة والتجارة والزراعة في البلاد العربية.
=880  \\$6250-02$aالطبعة 2.
=880  \\$6260-03$aبيروت :$bدار العلم للملايين،$c[1952]
=959  \\$aNNU$bWEB$cGENI$t0$mElectronic access$s01
=999  \\$iNjP_1708529$o(OCoLC)ocm23921904$sprinceton_aco004234:$e(ERROR-MISC)$sprinceton_aco004234:

