=LDR  02105nam a2200433Mi 4500
=001  498052
=003  NjP
=006  m\\\\\\\\d\\\\\\\\
=007  cr\cn\|||m|||a
=008  200626s1983\\\\ir\\\\\\ob\\\\000\0\ara\d
=040  \\$aZYU$bara$erda$cZYU
=100  1\$6880-01$aKhāqānī, ʻAlī.
=245  10$6880-02$aRijāl al-Khāqānī /$cbi-qalam ʻAlī al-Khāqānī ; taḥqīq al-Sayyid Muḥammad Ṣādiq Baḥr al-ʻUlūm.
=250  \\$6880-03$aal-Ṭabʻah 2.
=260  \\$6880-04$a[Qum] :$bMaktab al-Iʻlām al-Islāmī,$c1404 [1983 or 1984]
=300  \\$aonline resource (32, 426, 72 pages)
=336  \\$atext$2rdacontent
=337  \\$acomputer$2rdamedia
=338  \\$aonline resource$2rdacarrier
=500  \\$aPart of the Arabic Collections Online (ACO) project, contributed by Princeton University Libraries.
=504  \\$aIncludes bibliographical references.
=533  \\$aElectronic reproduction.$bNew York, N.Y. :$cNew York University,$d2020.$5NNU
=650  \0$aIslam$vBiography.
=650  \0$aHadith (Shiites)$xAuthorities.
=650  \7$aHadith (Shiites)$xAuthorities.$2fast$0(OCoLC)fst00950139
=650  \7$aIslam.$2fast$0(OCoLC)fst00979776
=655  \7$aBiographies.$2fast$0(OCoLC)fst01919896
=700  1\$6880-05$aBaḥr al-ʻUlūm, Muḥammad Ṣādiq.
=710  2\$aPrinceton University.$bLibrary.
=730  0\$aArabic Collections Online.
=776  08$iPrint version:$aKhāqānī, ʻAlī.$tRijāl al-Khāqānī$w(NjP)498052$w(OCoLC)122952954
=856  40$uhttp://hdl.handle.net/2333.1/s4mw6x2m 
=880  1\$6100-01$aخاقاني، علي.
=880  10$6245-02$aرجال الخاقاني /$cبقلم علي الخاقاني ؛ تحقيق السيد محمد صادق بحر العلوم.
=880  \\$6250-03$aالطبعة 2.
=880  \\$6260-04$a[قم] :$bمكتب الإعلام الإسلامي،$c1404 [1983 أو 1984]
=880  1\$6700-05$aبحر العلوم، محمد صادق.
=959  \\$aNNU$bWEB$cGENI$t0$mElectronic access$s01
=999  \\$iNjP_498052$o(OCoLC)ocn122952954$sprinceton_aco003058$e(ERROR-MISC)$sprinceton_aco003058

