=LDR  02246nam a2200397Mi 4500
=001  452527
=003  NjP
=006  m\\\\\\\\d\\\\\\\\
=007  cr\cn\|||m|||a
=008  200626q19801986ir\\\\\\o\\\\\000\0\ara\d
=040  \\$aZYU$bara$erda$cZYU
=100  1\$6880-01$aJanājī, Jaʻfar ibn Khaḍir,$d1743 or 1744-1811 or 1812.
=240  10$6880-02$aKashf al-ghiṭāʼ ʻan mubhamāt sharīʻat al-gharrāʼ
=245  10$6880-03$aKitāb kashf al-ghiṭāʼ ʻan mubhamāt sharīʻat al-gharrāʼ /$cli-mūʼallifihi Jaʻfar al-madʻūw bi-Kāshif al-Ghiṭāʼ.
=260  \\$6880-04$aIṣfahān :$bIntishārāt Mahdawī,$c[198-]
=300  \\$aonline resource (472 pages)
=336  \\$atext$2rdacontent
=337  \\$acomputer$2rdamedia
=338  \\$aonline resource$2rdacarrier
=500  \\$aPart of the Arabic Collections Online (ACO) project, contributed by Princeton University Libraries.
=533  \\$aElectronic reproduction.$bNew York, N.Y. :$cNew York University,$d2020.$5NNU
=534  \\$pReprint.
=650  \0$aIslamic law$xInterpretation and construction.
=650  \7$aIslamic law$xInterpretation and construction.$2fast$0(OCoLC)fst00979955
=710  2\$aPrinceton University.$bLibrary.
=730  0\$aArabic Collections Online.
=740  0\$6880-05$aKashf al-ghiṭāʼ ʻan mubhamāt sharīʻat al-gharrāʼ
=776  08$iPrint version:$aJanājī, Jaʻfar ibn Khaḍir, 1743 or 1744-1811 or 1812.$tKitāb kashf al-ghiṭāʼ ʻan mubhamāt sharīʻat al-gharrāʼ$w(NjP)452527$w(OCoLC)79110645
=856  40$uhttp://hdl.handle.net/2333.1/280gbg7v 
=880  1\$6100-01$aجناجي، جعفر بن خضر،$d1743 or 1744-1811 or 1812.
=880  10$6240-02$aكشف الغطاء عن مبهمات شريعة الغراء
=880  10$6245-03$aكتاب كشف الغطاء عن مبهمات شريعة الغراء /$cلموءلفه جعفر المدعو بكاشف الغطاء.
=880  \\$6260-04$aاصفهان :$bانتشارات مهدوي،$c[198-]
=880  0\$6740-05$aكشف الغطاء عن مبهمات شريعة الغراء
=959  \\$aNNU$bWEB$cGENI$t0$mElectronic access$s01
=999  \\$iNjP_452527$o(OCoLC)ocm79110645$sprinceton_aco003735:$e(ERROR-MISC)$sprinceton_aco003735:

