=LDR  01904nam a2200361Mi 4500
=001  784714
=003  NjP
=006  m\\\\\\\\d\\\\\\\\
=007  cr\cn\|||m|||a
=008  200626s1982\\\\ir\\\\\\o\\\\\000\0\ara\d
=040  \\$aZYU$bara$erda$cZYU
=245  00$6880-01$aMashākil wa-ʻaqabāt amāma waḥdat al-ʻālam al-Islāmī kammā yataḥaddathu ʻanhā al-Imām al-Qāʼid /$ciʻdād Muḥammad ʻAlī Ḥusayn.
=250  \\$6880-02$aal-Ṭabʻah 1.
=260  \\$6880-03$aṬihrān :$bWizārat al-Irshād al-Islāmī,$c1403 [1982]
=300  \\$aonline resource (47 pages)
=336  \\$atext$2rdacontent
=337  \\$acomputer$2rdamedia
=338  \\$aonline resource$2rdacarrier
=500  \\$aPart of the Arabic Collections Online (ACO) project, contributed by Princeton University Libraries.
=533  \\$aElectronic reproduction.$bNew York, N.Y. :$cNew York University,$d2020.$5NNU
=650  \0$aIslam$xUnity.
=650  \7$aIslam$xUnity.$2fast$0(OCoLC)fst00979864
=700  1\$6880-04$aḤusayn, Muḥammad ʻAlī. 
=710  2\$aPrinceton University.$bLibrary.
=730  0\$aArabic Collections Online.
=776  08$iPrint version:$tMashākil wa-ʻaqabāt amāma waḥdat al-ʻālam al-Islāmī kammā yataḥaddathu ʻanhā al-Imām al-Qāʼid$w(NjP)784714$w(OCoLC)27444205
=856  40$uhttp://hdl.handle.net/2333.1/b5mkm65f 
=880  00$6245-01$aمشاكل وعقبات أمام وحدة العالم الاسلامي كما يتحدث عنها الأمام القائد /$cاعداد محمد علي حسين.
=880  \\$6250-02$aالطبعة ١.
=880  \\$6260-03$aتهران :$bوزارة الارشاد الاسلامي،$c١٤٠٣ [١٩٨٢]
=880  1\$6700-04$aحسين، محمد علي. 
=959  \\$aNNU$bWEB$cGENI$t0$mElectronic access$s01
=999  \\$iNjP_784714$o(OCoLC)ocm27444205$sprinceton_aco003051$e(ERROR-MISC)$sprinceton_aco003051

