=LDR  01623nam a2200361Mi 4500
=001  2785017
=003  NjP
=006  m\\\\\\\\d\\\\\\\\
=007  cr\cn\|||m|||a
=008  200626m19679999iq\\\\\\o\\\\\000\0\ara\d
=040  \\$aZYU$bara$erda$cZYU
=100  1\$6880-01$aAmīn, Aḥmad.
=245  13$6880-02$aal-Takāmul fī al-Islām.
=260  \\$6880-03$a[al-Najaf] :$bDār al-Nuʻmān,$c1967-
=300  \\$aonline resource (volumes in)
=336  \\$atext$2rdacontent
=337  \\$acomputer$2rdamedia
=338  \\$aonline resource$2rdacarrier
=500  \\$aPart of the Arabic Collections Online (ACO) project, contributed by Princeton University Libraries.
=533  \\$aElectronic reproduction.$bNew York, N.Y. :$cNew York University,$d2020.$5NNU
=546  \\$aIn Arabic.
=515  \\$aVol. 1: 4th ed. 1969?; v. 2: 3d ed. 1963; v. 3: 3d ed. 1968; v. 4: 3d ed. 1968? v. 5: 2d ed. 1968; v. 6: 1967.
=650  \0$aIslam.
=650  \7$aIslam.$2fast$0(OCoLC)fst00979776
=710  2\$aPrinceton University.$bLibrary.
=730  0\$aArabic Collections Online.
=776  08$iPrint version:$aAmīn, Aḥmad.$tal-Takāmul fī al-Islām$w(NjP)2785017$w(OCoLC)42800986
=856  40$uhttp://hdl.handle.net/2333.1/nvx0kh45 
=880  1\$6100-01$aامين، احمد.
=880  12$6245-02$aالتكامل في الاسلام.
=880  \\$6260-03$a[النجف] :$bدار النعمان،$c1967-
=959  \\$aNNU$bWEB$cGENI$t0$mElectronic access$s01
=999  \\$iNjP_2785017$o(OCoLC)ocm42800986$sprinceton_aco004244:v. 1-3$sprinceton_aco004245:v. 4-6$e(ERROR-MISC)$sprinceton_aco004244:v. 1-3$sprinceton_aco004245:v. 4-6

