=LDR  01924nam a2200409Mi 4500
=001  854423
=003  NjP
=006  m\\\\\\\\d\\\\\\\\
=007  cr\cn\|||m|||a
=008  200626s1988\\\\ir\\\\\\ob\\\\000\0\ara\d
=040  \\$aZYU$bara$erda$cZYU
=100  1\$6880-01$aḤāʼirī, Murtaḍá.
=245  10$6880-02$aṢalāt al-Jumʻah /$cli-faqīh Murtaḍá al-Ḥāʼirī.
=250  \\$6880-03$aal-Ṭabʻah 1.
=260  \\$6880-04$aQum :$bMuʼassasat al-Nashr al-Islāmī al-tābiʻah li-Jamāʻat al-Mudarrisīn,$c1409 [1988 or 1989]
=300  \\$aonline resource (343 pages)
=336  \\$atext$2rdacontent
=337  \\$acomputer$2rdamedia
=338  \\$aonline resource$2rdacarrier
=500  \\$a"514."
=500  \\$aPart of the Arabic Collections Online (ACO) project, contributed by Princeton University Libraries.
=504  \\$aIncludes bibliographical references.
=533  \\$aElectronic reproduction.$bNew York, N.Y. :$cNew York University,$d2020.$5NNU
=650  \0$aJumʻah.
=650  \0$aIslamic law$xInterpretation and construction.
=650  \7$aIslamic law$xInterpretation and construction.$2fast$0(OCoLC)fst00979955
=650  \7$aJumʻah.$2fast$0(OCoLC)fst00984834
=710  2\$aPrinceton University.$bLibrary.
=730  0\$aArabic Collections Online.
=776  08$iPrint version:$aḤāʼirī, Murtaḍá.$tṢalāt al-Jumʻah$w(NjP)854423$w(OCoLC)29567150
=856  40$uhttp://hdl.handle.net/2333.1/9w0vtf1m 
=880  1\$6100-01$aحائري، مرتضى.
=880  10$6245-02$aصلاة الجمعة /$cللفقيه مرتضى الحائري.
=880  \\$6250-03$aالطبعة 1.
=880  \\$6260-04$aقم :$bمؤسسة النشر الاسلامي التابعة لجماعة المدرسين،$c1409 [1988 or 1989]
=959  \\$aNNU$bWEB$cGENI$t0$mElectronic access$s01
=999  \\$iNjP_854423$o(OCoLC)ocm29567150$sprinceton_aco003449:$e(ERROR-MISC)$sprinceton_aco003449:

