=LDR  02883nam a2200421Mi 4500
=001  192245
=003  NjP
=006  m\\\\\\\\d\\\\\\\\
=007  cr\cn\|||m|||a
=008  200626s1956\\\\ir\h\\\\ob\\\\000\0\ara\d
=040  \\$aZYU$bara$erda$cZYU
=100  0\$6880-01$aZayn al-ʻĀbidīn ʻAlī ibn al-Ḥusayn,$d-710?
=245  13$6880-02$aal-Ṣaḥīfah al-kāmilah al-sajjādīyah /$cmin inshāʼ al-imām al-rābʻ mawlānā al-Sajjād Zayn al-ʻĀbidīn ʻAlī ibn al-Ḥusayn ... ; qūbilat wa-ṣuḥḥiḥat bi-kamāl al-diqqah ʻalá thalāth nuskh khaṭṭīyah ... bi-Muḥammad Taqī al-Majlisī al-Awwal maʻahā muqaddimah ... bi-Muḥammad Mashkūh ... ʻaniyá bi-nashrihā ... Muḥammad al-Ākhūndī.
=260  \\$6880-03$aṬihrān :$bMarkaz-i Furūsh-i Dar-i al-Kutub al-Islāmīyah,$c[1956?]
=300  \\$aonline resource (16, 339 pages) :$bfacsimiles
=336  \\$atext$2rdacontent
=337  \\$acomputer$2rdamedia
=338  \\$aonline resource$2rdacarrier
=500  \\$aReproduced from ms.
=500  \\$aPart of the Arabic Collections Online (ACO) project, contributed by Princeton University Libraries.
=504  \\$aIncludes bibliographical references.
=533  \\$aElectronic reproduction.$bNew York, N.Y. :$cNew York University,$d2020.$5NNU
=650  \0$aShīʻah$xCustoms and practices$vEarly works to 1800.
=650  \7$aShīʻah$xCustoms and practices.$2fast$0(OCoLC)fst01117947
=655  \7$aEarly works.$2fast$0(OCoLC)fst01411636
=700  1\$6880-04$aMajlisī, Muḥammad Taqī ibn Maqṣūd ʻAlī,$d1594 or 1595-1659 or 1660.
=700  1\$6880-05$aĀkhūndī, Muḥammad.
=710  2\$aPrinceton University.$bLibrary.
=730  0\$aArabic Collections Online.
=776  08$iPrint version:$aZayn al-ʻĀbidīn ʻAlī ibn al-Ḥusayn, -710?$tal-Ṣaḥīfah al-kāmilah al-sajjādīyah$w(NjP)192245$w(OCoLC)25338595
=856  40$uhttp://hdl.handle.net/2333.1/6q573xv8 
=880  0\$6100-01$aزين العابدين علي بن الحسين،$d-710?
=880  12$6245-02$aالصحيفة الكاملة السجادية /$cمن انشاء الامام الرابع مولانا السجاد زين العابدين علي بن الحسين ... ؛ قوبلة وصححة بكمال الدقة على ثلاث نسخ خطية ... بمحمد تقي المجلي الاول معها مقدمة ... بمحمد مشكوه ... عنيى بنشرها ... محمد الاخوندي.
=880  \\$6260-03$aطهران :$bمرکز فروش دار الکتب الاسلامية،$c[1956؟]
=880  1\$6700-04$aمجلسي، محمد تقي بن مقصود علي،$d1594 or 1595-1659 or 1660.
=880  1\$6700-05$aآخوندي، محمد.
=959  \\$aNNU$bWEB$cGENI$t0$mElectronic access$s01
=999  \\$iNjP_192245$o(OCoLC)ocm25338595$sprinceton_aco004306:$e(ERROR-MISC)$sprinceton_aco004306:

