=LDR  02555nam a2200433Mi 4500
=001  1082464
=003  NjP
=006  m\\\\\\\\d\\\\\\\\
=007  cr\cn\|||m|||a
=008  200626m19639999ir\\\\\\o\\\\\000\0\ara\d
=040  \\$aZYU$bara$erda$cZYU
=100  1\$6880-01$aFayḍ al-Simnānī, Muḥammad Riḍā.
=240  10$6880-02$aKitāb al-ṭahārah
=245  13$6880-03$aal-Mujallad al-awwal min Kitāb al-ṭahārah :$byabḥath ʻan fiqh masāʼil al-ṭahārah ʻalá mā iqtaḍāh al-Kitāb wa-al-sunnah wa-al-ʻaql wa-fatāfá fuqahāʼ al-Shīʻah bi-ṭarz badīʻ daqīq /$ctaʼlīf Muḥammad Riḍā al-Fayḍ al-Saimnānī.
=246  10$6880-04$aKitāb al-ṭahārah
=260  \\$6880-05$aṬihrān :$bYuṭlab min Maktabat Markaz Nashr al-Kitāb,$c1383- [1963 or 1964]-
=300  \\$aonline resource (volumes)
=336  \\$atext$2rdacontent
=337  \\$acomputer$2rdamedia
=338  \\$aonline resource$2rdacarrier
=500  \\$aPart of the Arabic Collections Online (ACO) project, contributed by Princeton University Libraries.
=533  \\$aElectronic reproduction.$bNew York, N.Y. :$cNew York University,$d2020.$5NNU
=650  \0$aIslamic law$xInterpretation and construction.
=650  \0$aPurity, Ritual$xIslam.
=650  \0$aShiites.
=650  \7$aIslamic law$xInterpretation and construction.$2fast$0(OCoLC)fst00979955
=650  \7$aPurity, Ritual$xIslam.$2fast$0(OCoLC)fst01084388
=650  \7$aShiites.$2fast$0(OCoLC)fst01115976
=710  2\$aPrinceton University.$bLibrary.
=730  0\$aArabic Collections Online.
=776  08$iPrint version:$aFayḍ al-Simnānī, Muḥammad Riḍā.$tal-Mujallad al-awwal min Kitāb al-ṭahārah$w(NjP)1082464$w(OCoLC)35600743
=856  40$uhttp://hdl.handle.net/2333.1/1zcrjq46 
=880  1\$6100-01$aفيض السمناني، محمد رضا.
=880  10$6240-02$aكتاب الطهارة
=880  12$6245-03$aالمجلد الاول من كتاب الطهارة :$bيبحث عن فقه مسائل الطهارة على ما اقتضه الكتاب والسنة والعقل وفتاوى فقهاء الشيعة بطرز بديع دقيق /$cتأليف محمد رضا الفيض السمناني.
=880  10$6246-04$aكتاب الطهارة
=880  \\$6260-05$aطهران :$bيطلب من مكتبة مركز نشر الكتاب،$c1383- [1963 or 1964]-
=959  \\$aNNU$bWEB$cGENI$t0$mElectronic access$s01
=999  \\$iNjP_1082464$o(OCoLC)ocm35600743$sprinceton_aco003512:mujallad 1$e(ERROR-MISC)$sprinceton_aco003512:mujallad 1

