=LDR  01889nam a2200409Mi 4500
=001  345257
=003  NjP
=006  m\\\\\\\\d\\\\\\\\
=007  cr\cn\|||m|||a
=008  200626s1950\\\\sy\c\\\\o\\\\\000\0carard
=040  \\$aZYU$bara$erda$cZYU
=043  \\$aa-sy---
=100  1\$6880-01$aMudlajī, Ibrāhīm Adʹham.
=245  13$6880-02$aal-Furāt al-yawm /$cIbrāhīm Adʹham al-Mudlajī wa-Muḥammad Nūrī Khalaf.
=250  \\$6880-03$aal-Ṭabʻah 1.
=260  \\$6880-04$aDayr al-Zawr :$bMaktabat al-Diʻāʼīyah,$c1950.
=300  \\$aonline resource (100 pages) :$bportraits
=336  \\$atext$2rdacontent
=337  \\$acomputer$2rdamedia
=338  \\$aonline resource$2rdacarrier
=500  \\$aPart of the Arabic Collections Online (ACO) project, contributed by Princeton University Libraries.
=533  \\$aElectronic reproduction.$bNew York, N.Y. :$cNew York University,$d2020.$5NNU
=651  \0$aDayr al-Zawr (Syria)$vBiography.
=651  \7$aSyria$zDayr al-Zawr.$2fast$0(OCoLC)fst01226472
=655  \7$aBiographies.$2fast$0(OCoLC)fst01919896
=700  1\$6880-05$aKhalaf, Muḥammad Nūrī.
=710  2\$aPrinceton University.$bLibrary.
=730  0\$aArabic Collections Online.
=776  08$iPrint version:$aMudlajī, Ibrāhīm Adʹham.$tal-Furāt al-yawm$w(NjP)345257$w(OCoLC)80606288
=856  40$uhttp://hdl.handle.net/2333.1/mgqnkm18 
=880  1\$6100-01$aمدلجي، ابراهيم ادهم.
=880  12$6245-02$aالفرات اليوم /$cابراهيم ادهم المدلجي ومحمد نوري خلف. 
=880  \\$6250-03$aالطبعة 1.
=880  \\$6260-04$aدير الزور :$bمكتبة الدعائية،$c1950.
=880  1\$6700-05$aخلف، محمد نوري. 
=959  \\$aNNU$bWEB$cGENI$t0$mElectronic access$s01
=999  \\$iNjP_345257$o(OCoLC)ocm80606288$sprinceton_aco003792:$e(ERROR-MISC)$sprinceton_aco003792:

