=LDR  02213nam a2200409Mi 4500
=001  1029269
=003  NjP
=006  m\\\\\\\\d\\\\\\\\
=007  cr\cn\|||m|||a
=008  200626s1982\\\\ir\\\\\\ob\\\\001\0\ara\d
=040  \\$aZYU$bara$erda$cZYU
=100  1\$6880-01$aKulaynī, Muḥammad ibn Yaʻqūb,$d-941?
=240  10$6880-02$aKāfī.$kSelections
=245  13$6880-03$aal-Awwalīyāt mimmā awdaʻahu fī al-Kāfī /$cThiqat al-Islām al-Kulaynī ; ijtanāhā wa-rattabahā Muḥammad Ḥusayn ibn ʻAlī al-Muwaḥḥid al-Ḥujajī.
=260  \\$6880-04$aQum :$bMaṭbaʻat al-Khayyām,$c1403 [1982 or 1983]
=300  \\$aonline resource (267 pages)
=336  \\$atext$2rdacontent
=337  \\$acomputer$2rdamedia
=338  \\$aonline resource$2rdacarrier
=500  \\$aPart of the Arabic Collections Online (ACO) project, contributed by Princeton University Libraries.
=504  \\$aIncludes bibliographical references and indexes.
=533  \\$aElectronic reproduction.$bNew York, N.Y. :$cNew York University,$d2020.$5NNU
=650  \0$aHadith (Shiites)$vTexts.
=650  \7$aHadith (Shiites)$2fast$0(OCoLC)fst00950138
=655  \7$aTexts.$2fast$0(OCoLC)fst01423705
=700  1\$6880-05$aMuwaḥḥid al-Ḥujajī, Muḥammad Ḥusayn ibn ʻAlī.
=710  2\$aPrinceton University.$bLibrary.
=730  0\$aArabic Collections Online.
=776  08$iPrint version:$aKulaynī, Muḥammad ibn Yaʻqūb, -941?$tal-Awwalīyāt mimmā awdaʻahu fī al-Kāfī$w(NjP)1029269$w(OCoLC)34132766
=856  40$uhttp://hdl.handle.net/2333.1/s1rn90bq 
=880  1\$6100-01$aكليني، محمد بن يعقوب،$d-941?
=880  10$6240-02$aكافي.$kSelections
=880  12$6245-03$aالاوليات مما اودعه في الكافي /$cثقة الاسلام الكليني ؛ اجتناها ورتبها محمد حسين بن علي الموحد الحججي.
=880  \\$6260-04$aقم :$bمطبعة الخيام،$c1403 [1982 or 1983]
=880  1\$6700-05$aموحد الحججي، محمد حسين بن علي.
=959  \\$aNNU$bWEB$cGENI$t0$mElectronic access$s01
=999  \\$iNjP_1029269$o(OCoLC)ocm34132766$sprinceton_aco003159$e(ERROR-MISC)$sprinceton_aco003159

