=LDR  02796nam a2200517Mi 4500
=001  2760866
=003  NjP
=006  m\\\\\\\\d\\\\\\\\
=007  cr\cn\|||m|||a
=008  200626s1970\\\\iq\\\\\\ob\\\\001\0\arard
=040  \\$aZYU$bara$erda$cZYU
=043  \\$aa-iq---
=050  \4$aDS79$b.R35 1970
=100  1\$6880-01$aRāwī, Thābit Ismāʻīl.
=245  14$6880-02$aal-ʻIrāq fī al-ʻaṣr al-Umawī :$bmin al-nāḥiyah al-siyāsīyah wa-al-idārīyah wa-al-ijtimāʻīyah /$ctaʼlīf Thābit Ismāʻīl al-Rāwī.
=246  1\$iTitle on p. [4] of covert:$aIraq in the Umayyad period :$bpolitical, social and administral aspects
=250  \\$6880-03$aal-Ṭabʻah 2.
=260  \\$6880-04$aBaghdād :$bMaktabat al-Andalus,$c1970.
=300  \\$aonline resource (358 pages)
=336  \\$atext$2rdacontent
=337  \\$acomputer$2rdamedia
=338  \\$aonline resource$2rdacarrier
=500  \\$aCover title: Iraq in the Umayyad period, political, social and administral [sic] aspects by Thabit al-Rāwī.
=500  \\$aOriginally presented as the author's thesis (M.A.) - Jāmiʻat al-Iskandarīyah, 1959.
=500  \\$aPart of the Arabic Collections Online (ACO) project, contributed by Princeton University Libraries.
=504  \\$aIncludes bibliographical references (pages 329-332) and indexes.
=533  \\$aElectronic reproduction.$bNew York, N.Y. :$cNew York University,$d2020.$5NNU
=651  \0$aIraq$xHistory$y634-1534.
=651  \0$aIraq$xSocial conditions.
=651  \0$aIraq$xPolitics and government.
=650  \7$aPolitics and government.$2fast$0(OCoLC)fst01919741
=650  \7$aSocial conditions.$2fast$0(OCoLC)fst01919811
=651  \7$aIraq.$2fast$0(OCoLC)fst01205757
=648  \7$a634-1534$2fast
=655  \7$aHistory.$2fast$0(OCoLC)fst01411628
=710  2\$aPrinceton University.$bLibrary.
=730  0\$aArabic Collections Online.
=776  08$iOnline version:$aal-Rāwī, Thābit Ismāʻīl.$tʻIrāq fī al-ʻaṣr al-Umawī.$bal-Ṭabʻah 2.$dBaghdād : Maktabat al-Andalus, 1970$w(OCoLC)582985384
=776  08$iPrint version:$aRāwī, Thābit Ismāʻīl.$tal-ʻIrāq fī al-ʻaṣr al-Umawī$w(NjP)2760866$w(OCoLC)23481772
=856  40$uhttp://hdl.handle.net/2333.1/cjsxm387 
=880  1\$6100-01$aراوي، ثابت اسماعيل.
=880  12$6245-02$aالعراق في العصر الاموي :$bمن الناحية السياسية والادارية والاجتماعية /$cتأليف ثابت اسماعيل الراوي.
=880  \\$6250-03$aالطبعة 2.
=880  \\$6260-04$aبغداد :$bمكتبة الاندلس،$c1970.
=959  \\$aNNU$bWEB$cGENI$t0$mElectronic access$s01
=999  \\$iNjP_2760866$o(OCoLC)ocm23481772$sprinceton_aco002108$e(ERROR-880)$sprinceton_aco002108

