=LDR  01785nam a2200361Mi 4500
=001  4103964
=003  NjP
=006  m\\\\\\\\d\\\\\\\\
=007  cr\cn\|||m|||a
=008  200626s1963\\\\sy\a\\\\o\\\\\000\0\ara\d
=040  \\$aZYU$bara$erda$cZYU
=043  \\$aa-sy---
=110  1\$6880-01$aDār al-Fann al-Ḥadīth.
=245  10$6880-02$aHal taltaqī al-aḥzāb? :$barāʼ rijālāt al-siyāsah al-iqtiṣād wa-al-fikr fī Sūrīyah /$cDār al-Fann al-Ḥadīth.
=260  \\$6880-03$aDimashq :$bDār al-Fann al-Ḥadīth,$c1963.
=300  \\$aonline resource (153 pages) :$billustrations
=336  \\$atext$2rdacontent
=337  \\$acomputer$2rdamedia
=338  \\$aonline resource$2rdacarrier
=500  \\$aPart of the Arabic Collections Online (ACO) project, contributed by Princeton University Libraries.
=533  \\$aElectronic reproduction.$bNew York, N.Y. :$cNew York University,$d2020.$5NNU
=650  \0$aPolitical parties$zSyria.
=650  \7$aPolitical parties.$2fast$0(OCoLC)fst01069410
=651  \7$aSyria.$2fast$0(OCoLC)fst01208757
=710  2\$aPrinceton University.$bLibrary.
=730  0\$aArabic Collections Online.
=776  08$iPrint version:$aDār al-Fann al-Ḥadīth.$tHal taltaqī al-aḥzāb?$w(NjP)4103964$w(OCoLC)54630972
=856  40$uhttp://hdl.handle.net/2333.1/bnzs7stg 
=880  1\$6110-01$aدار الفن الحديث.
=880  10$6245-02$aهل تلتقي الاحزاب؟ :$bاراء رجالات السياسة الاقتصاد والفكر في سورية /$cدار الفن الحديث.
=880  \\$6260-03$aدمشق :$bدار الفن الحديث،$c1963.
=959  \\$aNNU$bWEB$cGENI$t0$mElectronic access$s01
=999  \\$iNjP_4103964$o(OCoLC)ocm54630972$sprinceton_aco001977$e(ERROR-MISC)$sprinceton_aco001977

