=LDR  02058nam a2200421Mi 4500
=001  862656
=003  NjP
=006  m\\\\\\\\d\\\\\\\\
=007  cr\cn\|||m|||a
=008  200626s1924\\\\sy\\\\\\o\\\\\000\0\ara\d
=040  \\$aZYU$bara$erda$cZYU
=100  1\$6880-01$aḤalabī, Muḥammad al-Ḥanīfī.
=240  10$6880-02$aDalāʼil al-iʻjāz
=245  10$6880-03$aKitāb Dalāʼil al-iʻjāz fī ʻilm al-maʻānī /$cjamʻ Muḥammad al-Ḥanīfī al-Ḥalabī.
=246  3\$6880-04$aDalāʼil al-iʻjāz
=250  \\$6880-05$aal-Ṭabʻah 1.
=260  \\$6880-06$aḤalab :$bal-Maṭbaʻah al-ʻIlmīyah,$c1324 [1924]
=300  \\$aonline resource (206 pages)
=336  \\$atext$2rdacontent
=337  \\$acomputer$2rdamedia
=338  \\$aonline resource$2rdacarrier
=500  \\$aPart of the Arabic Collections Online (ACO) project, contributed by Princeton University Libraries.
=533  \\$aElectronic reproduction.$bNew York, N.Y. :$cNew York University,$d2020.$5NNU
=600  10$aJurjānī, ʻAbd al-Qāhir ibn ʻAbd al-Raḥmān,$d-1078?$tDalāʼil al-iʻjāz.
=650  \0$aArabic language.
=650  \7$aArabic language.$2fast$0(OCoLC)fst00812287
=710  2\$aPrinceton University.$bLibrary.
=730  0\$aArabic Collections Online.
=776  08$iPrint version:$aḤalabī, Muḥammad al-Ḥanīfī.$tKitāb Dalāʼil al-iʻjāz fī ʻilm al-maʻānī$w(NjP)862656$w(OCoLC)29834581
=856  40$uhttp://hdl.handle.net/2333.1/95x69zx4 
=880  1\$6100-01$aحلبي، محمد الحنيفي.
=880  10$6240-02$aدلائل الاعجاز
=880  10$6245-03$aكتاب دلائل الاعجاز في علم المعاني /$cجمع محمد الحنيفي الحلبي.
=880  3\$6246-04$aدلائل الاعجاز
=880  \\$6250-05$aالطبعة 1.
=880  \\$6260-06$aحلب :$bالمطبعة العلمية،$c1324 [1924]
=959  \\$aNNU$bWEB$cGENI$t0$mElectronic access$s01
=999  \\$iNjP_862656$o(OCoLC)ocm29834581$sprinceton_aco004415:$e(ERROR-MISC)$sprinceton_aco004415:

