=LDR  01842nam a2200349Mi 4500
=001  7010983
=003  NjP
=006  m\\\\\\\\d\\\\\\\\
=007  cr\cn\|||m|||a
=008  200626s1907\\\\ua\a\\\fo\\\\\000\0\araod
=040  \\$aZYU$bara$erda$cZYU
=100  1\$6880-01$aZaydān, Ibrāhīm,$eAuteur.
=245  13$6880-02$aal-Ṭariqat al-mubtakarat li taʻlīm al-qirāʼat ̈al-arabiyah$h[Texte imprimé].$nal-ǧuz al-rabiʻ :$bmuzayanat bil-rusūm wamuhalāt bil šakl al-kāmil /$cIbrāhīm Zaydān.
=260  \\$6880-03$aMiṣr :$bMaṭbaʻat al-Hilāl,$c1907.
=300  \\$aonline resource (1 vol. (176) p.) :$bill.
=336  \\$atext$2rdacontent
=337  \\$acomputer$2rdamedia
=338  \\$aonline resource$2rdacarrier
=500  \\$aPart of the Arabic Collections Online (ACO) project, contributed by Princeton University Libraries.
=533  \\$aElectronic reproduction.$bNew York, N.Y. :$cNew York University,$d2020.$5NNU
=562  \\$aVol. 4 seulement.
=562  \\$aYuṭlab min maktabat al-Hilāl bil-Faǧalat bi Miṣr wa min makatib al-sahirat.
=650  \7$aArabe (langue)$xManuels d'enseignement.$2ram
=710  2\$aPrinceton University.$bLibrary.
=730  0\$aArabic Collections Online.
=776  08$iPrint version:$aZaydān, Ibrāhīm, Auteur.$tal-Ṭariqat al-mubtakarat li taʻlīm al-qirāʼat ̈al-arabiyah$w(NjP)7010983$w(OCoLC)493853600
=856  40$uhttp://hdl.handle.net/2333.1/tb2rbzqb 
=880  1\$6100-01$aزيدان، ابراهيم.
=880  12$6245-02$aالطريقة المبتكرة لتعليم القراءة العربية /$cابراهيم زيدان.
=880  \\$6260-03$aمصر :$bمطبعة الهلال،$c1907.
=959  \\$aNNU$bWEB$cGENI$t0$mElectronic access$s01
=999  \\$iNjP_7010983$o(OCoLC)ocn493853600$sprinceton_aco004290:$e(ERROR-MISC)$sprinceton_aco004290:

