=LDR  01681nam a2200337Mi 4500
=001  1317122
=003  NjP
=006  m\\\\\\\\d\\\\\\\\
=007  cr\cn\|||m|||a
=008  200626s1891\\\\ua\\\\\\o\\\\\000\0\ara\d
=040  \\$aZYU$bara$erda$cZYU
=100  1\$6880-01$aKhilāṭ, Dīmitri.
=245  10$6880-02$aKitāb Sifr al-safar ilá maʻriḍ al-ḥaḍar /$ctaʼlīf Dīmitrī ibn Niʻmat Allāh Khallāṭ al-Ṭarābulusī al-Sūrī.
=260  \\$6880-03$aMiṣr :$bMaṭbaʻat al-Muqtaṭaf,$c1891.
=300  \\$aonline resource (282 pages)
=336  \\$atext$2rdacontent
=337  \\$acomputer$2rdamedia
=338  \\$aonline resource$2rdacarrier
=500  \\$aPart of the Arabic Collections Online (ACO) project, contributed by Princeton University Libraries.
=533  \\$aElectronic reproduction.$bNew York, N.Y. :$cNew York University,$d2020.$5NNU
=546  \\$aTitle-page and text in Arabic.
=650  \0$aEurope$xDescription and travel.
=710  2\$aPrinceton University.$bLibrary.
=730  0\$aArabic Collections Online.
=776  08$iPrint version:$aKhilāṭ, Dīmitri.$tKitāb Sifr al-safar ilá maʻriḍ al-ḥaḍar$w(NjP)1317122$w(OCoLC)42873268
=856  40$uhttp://hdl.handle.net/2333.1/rfj6qg0n 
=880  1\$6100-01$aخلاط، ديمتر.
=880  10$6245-02$aكتاب سفر السفر الى معرض الحضر /$cتأليف ديمتري بن نعمة الله خلاط الطرابلسي السوري.
=880  \\$6260-03$aمصر :$bمطبعة المقتطف،$c1891.
=959  \\$aNNU$bWEB$cGENI$t0$mElectronic access$s01
=999  \\$iNjP_1317122$o(OCoLC)ocm42873268$sprinceton_aco004366:$e(ERROR-MISC)$sprinceton_aco004366:

