=LDR  02086nam a2200421Mi 4500
=001  277103
=003  NjP
=006  m\\\\\\\\d\\\\\\\\
=007  cr\cn\|||m|||a
=008  200626s1974\\\\ir\\\\\\ob\\\\000\0dara\d
=040  \\$aZYU$bara$erda$cZYU
=043  \\$aa-iq---
=100  1\$6880-01$aQumī Vishnavī, Qavām al-Dīn.
=245  10$6880-02$aAṣḥāb rasūl al-thaqalīn fī ḥarb al-Siffīn /$ctaʼlīf Qavām al-Dīn Qumī Vishnavī.
=260  \\$6880-03$aQum :$bChāpkhānah-i Islām,$c1353 [1974]
=300  \\$aonline resource (144 pages)
=336  \\$atext$2rdacontent
=337  \\$acomputer$2rdamedia
=338  \\$aonline resource$2rdacarrier
=500  \\$aPart of the Arabic Collections Online (ACO) project, contributed by Princeton University Libraries.
=504  \\$aIncludes bibliographical references.
=533  \\$aElectronic reproduction.$bNew York, N.Y. :$cNew York University,$d2020.$5NNU
=600  00$6880-04$aʻAlī ibn Abī Ṭālib,$cCaliph,$dapproximately 600-661.
=600  07$aʻAlī ibn Abī Ṭālib,$cCaliph,$dapproximately 600-661.$2fast$0(OCoLC)fst01804105
=650  \0$aShiites$xHistory.
=650  \0$aSiffīn (Iraq), Battle of, 661.
=650  \7$aShiites.$2fast$0(OCoLC)fst01115976
=655  \7$aHistory.$2fast$0(OCoLC)fst01411628
=710  2\$aPrinceton University.$bLibrary.
=730  0\$aArabic Collections Online.
=776  08$iPrint version:$aQumī Vishnavī, Qavām al-Dīn.$tAṣḥāb rasūl al-thaqalīn fī ḥarb al-Siffīn$w(NjP)277103$w(OCoLC)38631944
=856  40$uhttp://hdl.handle.net/2333.1/6wwpzs96 
=880  1\$6100-01$aقمي ڤشنڤي، قڤام الدين.
=880  10$6245-02$aأصحاب رسول الثقلين في حرب السفين /$cتأليف قڤام الدين قمي ڤشنڤي.
=880  \\$6260-03$aقم :$bچاپڅانۀ إسلام،$c١٣٥٣ [١٩٧٤]
=880  04$6600-04$aعلي بن أبي طالب.
=959  \\$aNNU$bWEB$cGENI$t0$mElectronic access$s01
=999  \\$iNjP_277103$o(OCoLC)ocm38631944$sprinceton_aco003039$e(ERROR-MISC)$sprinceton_aco003039

