=LDR  01950nam a2200409Mi 4500
=001  442710
=003  NjP
=006  m\\\\\\\\d\\\\\\\\
=007  cr\cn\|||m|||a
=008  200626s1983\\\\ir\\\\\\o\\\\\000\0\ara\d
=040  \\$aZYU$bara$erda$cZYU
=041  1\$aara$hper
=100  1\$6880-01$aṬabāṭabāʼī, Muḥammad Ḥusayn.
=245  13$6880-02$aal-Qurʼan fi al-Islām /$cMuḥammad Ḥusain al-Ṭabāṭabāʼī ; translated by Aḥmad al-Ḥusainī.
=260  \\$6880-03$aṬihrān :$bSāzmān-i Tablīghāti-i Islāmī,$c1404 A.H. [1983]
=300  \\$aonline resource (224 pages)
=336  \\$atext$2rdacontent
=337  \\$acomputer$2rdamedia
=338  \\$aonline resource$2rdacarrier
=500  \\$aArabic translation of a Persian work on the Qurʼan in Islam.
=500  \\$aPart of the Arabic Collections Online (ACO) project, contributed by Princeton University Libraries.
=533  \\$aElectronic reproduction.$bNew York, N.Y. :$cNew York University,$d2020.$5NNU
=630  00$aQurʼan.
=650  \0$aIslam.
=630  07$aQurʼan.$2fast$0(OCoLC)fst01842877
=650  \7$aIslam.$2fast$0(OCoLC)fst00979776
=700  1\$6880-04$aḤusaini, Aḥmad.
=710  2\$aPrinceton University.$bLibrary.
=730  0\$aArabic Collections Online.
=776  08$iPrint version:$aṬabāṭabāʼī, Muḥammad Ḥusayn.$tal-Qurʼan fi al-Islām$w(NjP)442710$w(OCoLC)45589412
=856  40$uhttp://hdl.handle.net/2333.1/xwdbs4tx 
=880  1\$6100-01$aطباطبائي، محمد حسين.
=880  12$6245-02$aالقرآن في الاسلام /$cمحمد حسن الطباطبائي ؛ ترجمة احمد الحسني.
=880  \\$6260-03$aطهران :$bسازمان تبلىغات اسلامى،$c1404 ا.ه. [1983]
=880  1\$6700-04$aحسن، احمد.
=959  \\$aNNU$bWEB$cGENI$t0$mElectronic access$s01
=999  \\$iNjP_442710$o(OCoLC)ocm45589412$sprinceton_aco003916:$e(ERROR-MISC)$sprinceton_aco003916:

