=LDR  01752nam a2200397Mi 4500
=001  470434
=003  NjP
=006  m\\\\\\\\d\\\\\\\\
=007  cr\cn\|||m|||a
=008  200626s1944\\\\le\ab\\\o\\\\\000\0\ara\d
=040  \\$aZYU$bara$erda$cZYU
=043  \\$aa-iq---
=100  1\$6880-01$aLādiqī, ʻAbd al-Ḥalīm.
=245  10$6880-02$aḤalāwat al-firāq fī al-ʻIrāq /$cʻAbd al-Ḥalīm al-Lādiqī.
=260  \\$6880-03$a[Beirut] :$bDār al-Nahḍah,$c1944.
=300  \\$aonline resource (88 pages) :$billustrations, map
=336  \\$atext$2rdacontent
=337  \\$acomputer$2rdamedia
=338  \\$aonline resource$2rdacarrier
=490  1\$6880-04$aal-Majānī ;$v4
=500  \\$aPart of the Arabic Collections Online (ACO) project, contributed by Princeton University Libraries.
=533  \\$aElectronic reproduction.$bNew York, N.Y. :$cNew York University,$d2020.$5NNU
=651  \0$aIraq.
=651  \7$aIraq.$2fast$0(OCoLC)fst01205757
=710  2\$aPrinceton University.$bLibrary.
=730  0\$aArabic Collections Online.
=776  08$iPrint version:$aLādiqī, ʻAbd al-Ḥalīm.$tḤalāwat al-firāq fī al-ʻIrāq$w(NjP)470434$w(OCoLC)26452943
=830  \0$6880-05$aMajānī ;$v4.
=856  40$uhttp://hdl.handle.net/2333.1/fttdz90x 
=880  1\$6100-01$aلادقي، عبد الحليم.
=880  10$6245-02$aحلاوة الفراق في العراق /$cعبد الحليم اللادقي.
=880  \\$6260-03$a[بيروت] :$bدار النهضة،$c1944.
=880  1\$6490-04$aالمجاني ؛$v4
=880  \0$6830-05$aمجاني ؛$v4.
=959  \\$aNNU$bWEB$cGENI$t0$mElectronic access$s01
=999  \\$iNjP_470434$o(OCoLC)ocm26452943$sprinceton_aco003791:$e(ERROR-MISC)$sprinceton_aco003791:

