=LDR  02443nam a2200505Mi 4500
=001  1704327
=003  NjP
=006  m\\\\\\\\d\\\\\\\\
=007  cr\cn\|||m|||a
=008  200626s1911\\\\le\\\\\\o\\\\\000\0\ara\d
=040  \\$aZYU$bara$erda$cZYU
=041  1\$aara$hfre
=100  1\$6880-01$aDoumer, Paul,$d1857-1932.
=240  10$aLivre de mes fils.$lArabic
=245  10$6880-02$aKitāb al-Banīn /$cwaḍʻ Būl Dūmir, taʻrīb ʻAbd al-Ghanī al-ʻUraysī.
=246  3\$6880-03$aBanīn
=250  \\$6880-04$aal-Ṭabʻah 1.
=260  \\$6880-05$aBayrūt :$bal-Maṭbaʻah al-Ahlīyah,$c1329 [1911]
=300  \\$aonline resource (284 pages)
=336  \\$atext$2rdacontent
=337  \\$acomputer$2rdamedia
=338  \\$aonline resource$2rdacarrier
=500  \\$aPart of the Arabic Collections Online (ACO) project, contributed by Princeton University Libraries.
=533  \\$aElectronic reproduction.$bNew York, N.Y. :$cNew York University,$d2020.$5NNU
=546  \\$aTranslation of: Livre de mes fils.
=650  \0$aYoung men$xConduct of life.
=650  \0$aFrench literature$vTranslations into Arabic.
=650  \0$aArabic literature$xTranslations from French.
=650  \7$aFrench literature.$2fast$0(OCoLC)fst00934688
=650  \7$aYoung men$xConduct of life.$2fast$0(OCoLC)fst01183266
=655  \7$aTranslations.$2fast$0(OCoLC)fst01423791
=700  1\$6880-06$aʻUraysī, ʻAbd al-Ghanī,$d1890-1916.
=710  2\$aPrinceton University.$bLibrary.
=730  0\$aArabic Collections Online.
=776  08$iOnline version:$aDoumer, Paul, 1857-1932.$sLivre de mes fils. Arabic.$tKitāb al-Banīn.$bal-Ṭabʻah 1.$dBayrūt : al-Maṭbaʻah al-Ahlīyah, 1329 [1911]$w(OCoLC)657075425
=776  08$iPrint version:$aDoumer, Paul, 1857-1932.$tKitāb al-Banīn$w(NjP)1704327$w(OCoLC)35048787
=856  40$uhttp://hdl.handle.net/2333.1/f1vhhx6s 
=880  1\$6100-01$aدومر, بول,$d1857-1932.
=880  10$6245-02$aكتاب البنين /$cوضع بول دومر، تعريب عبد الغني العريسي.
=880  3\$6246-03$aبنين
=880  \\$6250-04$aالطبعة 1.
=880  \\$6260-05$aبيروت :$bالمطبعة الاهلية،$c1329 [1911]
=880  1\$6700-06$aعريسي، عبد الغني،$d1890-1916.
=959  \\$aNNU$bWEB$cGENI$t0$mElectronic access$s01
=999  \\$iNjP_1704327$o(OCoLC)ocm35048787$sprinceton_aco004423:$e(ERROR-880)(ERROR-MISC)$sprinceton_aco004423:

