=LDR  01780nam a2200337Mi 4500
=001  463051
=003  NjP
=006  m\\\\\\\\d\\\\\\\\
=007  cr\cn\|||m|||a
=008  200626s1954\\\\ua\\\\\\o\\\\\000\0\ara\d
=040  \\$aZYU$bara$erda$cZYU
=110  2\$6880-01$aMaʻhad al-Dirāsāt al-ʻArabīyah al-ʻĀliyah.
=245  13$6880-02$aal-Niẓām al-dākhilī.
=260  \\$6880-03$a[Cairo] :$bJāmiʻat al-Duwal al-ʻArabīyah, Maʻhad al-Dirāsāt al-ʻArabīyah al-ʻĀliyah,$c1954.
=300  \\$aonline resource (14 pages)
=336  \\$atext$2rdacontent
=337  \\$acomputer$2rdamedia
=338  \\$aonline resource$2rdacarrier
=500  \\$aPart of the Arabic Collections Online (ACO) project, contributed by Princeton University Libraries.
=533  \\$aElectronic reproduction.$bNew York, N.Y. :$cNew York University,$d2020.$5NNU
=610  20$aMaʻhad al-Dirāsāt al-ʻArabīyah al-ʻĀliyah.
=610  27$aMaʻhad al-Dirāsāt al-ʻArabīyah al-ʻĀliyah.$2fast$0(OCoLC)fst00580108
=710  2\$aPrinceton University.$bLibrary.
=730  0\$aArabic Collections Online.
=776  08$iPrint version:$aMaʻhad al-Dirāsāt al-ʻArabīyah al-ʻĀliyah.$tal-Niẓām al-dākhilī$w(NjP)463051$w(OCoLC)26275675
=856  40$uhttp://hdl.handle.net/2333.1/4qrfjhc5 
=880  2\$6110-01$aمعهد الدراسات العربية العالية.
=880  12$6245-02$aالنظام الداخلي.
=880  \\$6260-03$a[القاهرة] :$bجامعة الدول العربية، معهد الدراسات العربية العالية،$c1954.
=959  \\$aNNU$bWEB$cGENI$t0$mElectronic access$s01
=999  \\$iNjP_463051$o(OCoLC)ocm26275675$sprinceton_aco004231:$sprinceton_aco004232:$e(ERROR-MISC)$sprinceton_aco004231:$sprinceton_aco004232:

