=LDR  01697nam a2200337Mi 4500
=001  2784988
=003  NjP
=006  m\\\\\\\\d\\\\\\\\
=007  cr\cn\|||m|||a
=008  200626s192u\\\\ua\\\\\\o\\\\\000\0\ara\d
=040  \\$aZYU$bara$erda$cZYU
=100  1\$6880-01$aĀlūsī, Nuʻmān ibn Maḥmūd,$d1836-1899.
=245  13$6880-02$aal-Ajwibah al-ʻaqlīyah li-ashrafīyat al-sharīʻah al-Muḥammadīyah.
=260  \\$6880-03$a[Cairo] :$bIdārat al-Ṭibāʻah al-Munīrīyah,$c[192-?]
=300  \\$aonline resource (15 pages)
=336  \\$atext$2rdacontent
=337  \\$acomputer$2rdamedia
=338  \\$aonline resource$2rdacarrier
=500  \\$aPart of the Arabic Collections Online (ACO) project, contributed by Princeton University Libraries.
=533  \\$aElectronic reproduction.$bNew York, N.Y. :$cNew York University,$d2020.$5NNU
=546  \\$aIn Arabic.
=650  \0$aIslam$vPrayers and devotions$xArabic.
=710  2\$aPrinceton University.$bLibrary.
=730  0\$aArabic Collections Online.
=776  08$iPrint version:$aĀlūsī, Nuʻmān ibn Maḥmūd, 1836-1899.$tal-Ajwibah al-ʻaqlīyah li-ashrafīyat al-sharīʻah al-Muḥammadīyah$w(NjP)2784988$w(OCoLC)42799639
=856  40$uhttp://hdl.handle.net/2333.1/5hqbzw55 
=880  1\$6100-01$aآلوسي، نعمان بن محمود،$d1836-1899.
=880  12$6245-02$aالاجوبة العقلية لأشرفية الشريعة المحمدية.
=880  \\$6260-03$a[القاهرة؟] :$bادارة الطباعة المنيرية،$c[192؟]
=959  \\$aNNU$bWEB$cGENI$t0$mElectronic access$s01
=999  \\$iNjP_2784988$o(OCoLC)ocm42799639$sprinceton_aco004302:$e(ERROR-MISC)$sprinceton_aco004302:

