=LDR  01862nam a2200397Mi 4500
=001  313605
=003  NjP
=006  m\\\\\\\\d\\\\\\\\
=007  cr\cn\|||m|||a
=008  200626s1960\\\\iq\ac\\\o\\\\f000\0\ara\d
=040  \\$aZYU$bara$erda$cZYU
=043  \\$aa-iq---
=245  00$6880-01$aMaṣlaḥat Ṣanʻ al-Sukkar fī al-Mawṣil.
=260  \\$6880-02$aal-Mawṣil :$bMaṭbaʻat al-Hadaf,$c1960.
=300  \\$aonline resource (24 pages) :$billustrations, portrait
=336  \\$atext$2rdacontent
=337  \\$acomputer$2rdamedia
=338  \\$aonline resource$2rdacarrier
=500  \\$aAt head of title: al-Jumhūrīyah al-ʻIrāqīyah, Wizārat al-Ṣināʻah.
=500  \\$aPart of the Arabic Collections Online (ACO) project, contributed by Princeton University Libraries.
=533  \\$aElectronic reproduction.$bNew York, N.Y. :$cNew York University,$d2020.$5NNU
=610  20$aMaṣlaḥat Ṣanʻ al-Sukkar (Mosul, Iraq)
=650  \0$aSugar beet industry$zIraq$zMosul.
=610  27$aMaṣlaḥat Ṣanʻ al-Sukkar (Mosul, Iraq)$2fast$0(OCoLC)fst01493086
=650  \7$aSugar beet industry.$2fast$0(OCoLC)fst01137361
=651  \7$aIraq$zMosul.$2fast$0(OCoLC)fst01202687
=710  1\$6880-03$aIraq.$bWizārat al-Ṣināʻah.
=710  2\$aPrinceton University.$bLibrary.
=730  0\$aArabic Collections Online.
=776  08$iPrint version:$tMaṣlaḥat Ṣanʻ al-Sukkar fī al-Mawṣil$w(NjP)313605$w(OCoLC)78955273
=856  40$uhttp://hdl.handle.net/2333.1/wh70s7pw 
=880  00$6245-01$aمصلحة صنع السكر في الموصل.
=880  \\$6260-02$aالموصل :$bمطبعة الهدف،$c1960.
=880  1\$6710-03$aالعراق.$bوزارة الصناعة.
=959  \\$aNNU$bWEB$cGENI$t0$mElectronic access$s01
=999  \\$iNjP_313605$o(OCoLC)ocm78955273$sprinceton_aco003795:$e(ERROR-MISC)$sprinceton_aco003795:

