=LDR  01515nam a2200385Mi 4500
=001  817633
=003  NjP
=006  m\\\\\\\\d\\\\\\\\
=007  cr\cn\|||m|||a
=008  200626s1943\\\\le\\\\\\o\\\\\000\0\ara\d
=040  \\$aZYU$bara$erda$cZYU
=100  1\$6880-01$aAshqar, Asad.
=245  10$6880-02$aMaʻābid al-rīf /$cAsʻad Ashqar.
=260  \\$6880-03$aBayrūt :$bDār al-Nahḍah,$c[1943]
=300  \\$aonline resource (112 pages)
=336  \\$atext$2rdacontent
=337  \\$acomputer$2rdamedia
=338  \\$aonline resource$2rdacarrier
=490  1\$6880-04$aMajānī.
=500  \\$aNovel.
=500  \\$aPart of the Arabic Collections Online (ACO) project, contributed by Princeton University Libraries.
=533  \\$aElectronic reproduction.$bNew York, N.Y. :$cNew York University,$d2020.$5NNU
=655  \7$aNovels.$2lcgft
=710  2\$aPrinceton University.$bLibrary.
=730  0\$aArabic Collections Online.
=776  08$iPrint version:$aAshqar, Asad.$tMaʻābid al-rīf$w(NjP)817633$w(OCoLC)28458130
=830  \0$6880-05$aMajānī.
=856  40$uhttp://hdl.handle.net/2333.1/s1rn909g 
=880  1\$6100-01$aاشقر، اسد.
=880  10$6245-02$aمعابد الريف /$cاسعد اشقر.
=880  \\$6260-03$aبيروت :$bدار النهضة،$c[1943]
=880  1\$6490-04$aمجاني.
=880  \0$6830-05$aمجاني.
=959  \\$aNNU$bWEB$cGENI$t0$mElectronic access$s01
=999  \\$iNjP_817633$o(OCoLC)ocm28458130$sprinceton_aco002786$e(ERROR-MISC)$sprinceton_aco002786

