=LDR  02762nam a2200505Mi 4500
=001  479859
=003  NjP
=006  m\\\\\\\\d\\\\\\\\
=007  cr\cn\|||m|||a
=008  200626s1987\\\\ir\a\\\\ob\\\\000\0\ara\d
=040  \\$aZYU$bara$erda$cZYU
=100  1\$6880-01$aShahīd al-Awwal, Muḥammad ibn Makkī,$d1333 or 1334-1380.
=240  10$6880-02$aAlfīyah fī al-ṣalāh al-yawmīyah
=245  13$6880-03$aal-Alfīyah wa-al-Nafalīyah /$clil-Shahīd al-Awwal Muḥammad ibn Makkī al-ʻĀmilī.
=246  3\$6880-04$aAlfīyah
=246  3\$6880-05$aNafalīyah fī bayān mā fī al-ṣalāh
=250  \\$6880-06$aal-Ṭabʻah 1.
=260  \\$6880-07$aQum :$bMarkaz al-Nashr al-tābiʻ lil-Maktab al-Iʻlām al-Islāmī,$c1408 [1988]
=300  \\$aonline resource (147 pages) :$billustrations
=336  \\$atext$2rdacontent
=337  \\$acomputer$2rdamedia
=338  \\$aonline resource$2rdacarrier
=500  \\$aPart of the Arabic Collections Online (ACO) project, contributed by Princeton University Libraries.
=504  \\$aIncludes bibliographical references.
=533  \\$aElectronic reproduction.$bNew York, N.Y. :$cNew York University,$d2020.$5NNU
=650  \0$aPrayer$xIslam$vEarly works to 1800.
=650  \0$aIslam$xCustoms and practices$vEarly works to 1800.
=650  \7$aIslam$xCustoms and practices.$2fast$0(OCoLC)fst00979785
=650  \7$aPrayer$xIslam.$2fast$0(OCoLC)fst01074698
=655  \7$aEarly works.$2fast$0(OCoLC)fst01411636
=700  12$6880-08$aShahīd al-Awwal, Muḥammad ibn Makkī,$d1333 or 1334-1380.$tNafalīyah fī bayān mā fī al-ṣalāh.
=710  2\$aPrinceton University.$bLibrary.
=730  0\$aArabic Collections Online.
=776  08$iPrint version:$aShahīd al-Awwal, Muḥammad ibn Makkī, 1333 or 1334-1380.$tal-Alfīyah wa-al-Nafalīyah$w(NjP)479859$w(OCoLC)26285976
=856  40$uhttp://hdl.handle.net/2333.1/sxksn8t9 
=880  1\$6100-01$aشهيد الاول، محمد بن مكي،$d1333 or 1334-1380.
=880  10$6240-02$aالفية في الصلاه اليومية
=880  12$6245-03$aالالفية والنفلية /$cللشهيد الاول محمد بن مكي العاملي.
=880  3\$6246-04$aالفية
=880  3\$6246-05$aنفلية في بيان ما في الصلاة
=880  \\$6250-06$aالطبعة 1. 
=880  \\$6260-07$aقم :$bمركز النشر التابع للمكتب الاعلام الاسلامي،$c1408 [1988]
=880  12$6700-08$aشهيد الاول، محمد بن مكي،$d1333 or 1334-1380$tنفلية في بيان ما في الصلاة.
=959  \\$aNNU$bWEB$cGENI$t0$mElectronic access$s01
=999  \\$iNjP_479859$o(OCoLC)ocm26285976$sprinceton_aco003821:$e(ERROR-MISC)$sprinceton_aco003821:

