=LDR  04197nam a2200493Mi 4500
=001  1351504
=003  NjP
=006  m\\\\\\\\d\\\\\\\\
=007  cr\cn\|||m|||a
=008  200626s1879\\\\ua\\\\\\o\\\\\000\0\ara\d
=040  \\$aZYU$bara$erda$cZYU
=050  \4$aBP188.G4733$bF35 1879a
=100  1\$6880-01$aFākihī, ʻAbd al-Qādir ibn Aḥmad,$d1514 or 1515-1574 or 1575.
=240  10$6880-02$aKifāyah fī sharḥ Bidāyat al-hidāyah
=245  10$6880-03$aSharḥ al-imām al-ʻallāmah wa-al-ḥabr al-baḥr al-fahhāmah al-Shaykh ʻAbd al-Qādir ibn Aḥmad al-Fākihī al-musammá al-Kifāyah fī sharḥ Bidāyat al-hidāyah /$cli-Ḥujjat al-Islām al-Ghazzālī. Wa-bi-hāmishihi Sharḥ ʻaqīdat al-Imām al-Ghazzālī ayḍan li-muʼallifihi Abī al-ʻAbbās Aḥmad ibn Aḥmad ibn Muḥammad al-Burnusī al-shahīr bi-al-Shaykh Zarrūq al-Fāsī al-Shādhilī thumma yutawwalu bi-al-hāmish ayḍan Sharḥ ʻaqīdat al-Imām al-Yāfiʻī li-Muḥammad ibn ʻUmar al-shahīr bi-al-Shaykh Baḥraq al-Ḥaḍramī.
=246  30$6880-04$aSharḥ ʻAbd al-Qādir ibn Aḥmad al-Fākihī al-musammá al-Kifāyah fī sharḥ Bidāyat al-hidāyah li-Ḥujjat al-Islām al-Ghazzālī
=260  \\$a[Cairo] :$b[publisher not identified],$c[1879]
=300  \\$aonline resource (164 pages)
=336  \\$atext$2rdacontent
=337  \\$acomputer$2rdamedia
=338  \\$aonline resource$2rdacarrier
=500  \\$aPart of the Arabic Collections Online (ACO) project, contributed by Princeton University Libraries.
=533  \\$aElectronic reproduction.$bNew York, N.Y. :$cNew York University,$d2020.$5NNU
=600  00$aGhazzālī,$d1058-1111.$tBidāyat al-hidāyah.
=650  \0$aReligious life$xIslam$vEarly works to 1800.
=650  \0$aIslam$xCustoms and practices$vEarly works to 1800.
=630  07$aBidāyat al-hidāyah (Ghazzālī)$2fast$0(OCoLC)fst01369036
=650  \7$aIslam$xCustoms and practices.$2fast$0(OCoLC)fst00979785
=650  \7$aReligious life$xIslam.$2fast$0(OCoLC)fst01094119
=655  \7$aEarly works.$2fast$0(OCoLC)fst01411636
=700  1\$6880-05$aZarrūq, Aḥmad ibn Aḥmad,$d-1493.$tSharḥ ʻaqīdat al-Imām al-Ghazzālī.
=700  1\$6880-06$aBaḥraq, Muḥammad ibn ʻUmar,$d1465-1524.$tSharḥ ʻaqīdat al-Imām al-Yāfiʻī.
=710  2\$aPrinceton University.$bLibrary.
=730  0\$aArabic Collections Online.
=776  08$iPrint version:$aFākihī, ʻAbd al-Qādir ibn Aḥmad, 1514 or 1515-1574 or 1575.$tSharḥ al-imām al-ʻallāmah wa-al-ḥabr al-baḥr al-fahhāmah al-Shaykh ʻAbd al-Qādir ibn Aḥmad al-Fākihī al-musammá al-Kifāyah fī sharḥ Bidāyat al-hidāyah$w(NjP)1351504$w(OCoLC)61740535
=856  40$uhttp://hdl.handle.net/2333.1/m63xstv1 
=880  1\$6100-01$aفاكهي، عبد القادر بن احمد،$d1514 or 1515-1574 or 1575.
=880  10$6240-02$aكفاية في شرح بداية الهداية
=880  10$6245-03$aشرح الامام العلامة والحبر البحر الفهامة الشيخ عبد القادر بن احمد الفاكهي المسمى الكفاية في شرح بداية الهداية /$cلحجة الاسلام الغزالي. وبهامشه شرح عقيدة الامام الغزالي ايضن لمؤلفه ابي العباس احمد بن احمد بن محمد البرنسي الشهير بالشيخ زروق الفاسي الشاذلي ثم يتول بالهامش ايضن شرح عقيدة الامام اليافعي لمحمد بن عمر الشهير بالشيخ بحرق الحضرمي.
=880  30$6246-04$aشرح عبد القادر بن احمد الفاكهي المسمى الكفاية في شرح بداية الهداية لحجة الاسلام الغزالي
=880  1\$6700-05$aزروق، احمد بن احمد،$d-1493.$tشرح عقيدة الامام الغزالي.
=880  1\$6700-06$aبحرق، محمد بن عمر،$d1465-1524.$tشرح عقيدة الامام اليافعي.
=959  \\$aNNU$bWEB$cGENI$t0$mElectronic access$s01
=999  \\$iNjP_1351504$o(OCoLC)ocm61740535$sprinceton_aco003967:$e(ERROR-880)$sprinceton_aco003967:

