=LDR  02330nam a2200397Mi 4500
=001  833000
=003  NjP
=006  m\\\\\\\\d\\\\\\\\
=007  cr\cn\|||m|||a
=008  200626q19001993le\\\\\\o\\\\\000\0\ara\d
=040  \\$aZYU$bara$erda$cZYU
=100  1\$6880-01$aNāzlī, Muḥammad Ḥaqqī.
=245  10$6880-02$aKhazīnat al-asrār /$cjamʻ Muḥammad Ḥaqqī al-Nāzlī. Wa-bi-hāmishihi Kitāb al-ḥuṣn al-ḥaṣīn min kalām Sayyid al-mursalīn / li-Shams al-Dīn Muḥammad ibn Muḥammad al-Jazrī.
=246  3\$6880-03$aḤuṣn al-ḥaṣīn
=246  3\$6880-04$aḤuṣn al-ḥaṣīn min kalām Sayyid al-mursalīn
=260  \\$6880-05$aBayrūt, Lubnān :$bDār al-Fikr,$c[19--]
=300  \\$aonline resource (199 pages)
=336  \\$atext$2rdacontent
=337  \\$acomputer$2rdamedia
=338  \\$aonline resource$2rdacarrier
=500  \\$aPart of the Arabic Collections Online (ACO) project, contributed by Princeton University Libraries.
=533  \\$aElectronic reproduction.$bNew York, N.Y. :$cNew York University,$d2020.$5NNU
=650  \0$aIslam$vPrayers and devotions.
=700  12$6880-06$aIbn al-Jazarī, Muḥammad ibn Muḥammad,$d1350-1429.$tʻUddatal-ḥuṣn al-ḥaṣin min kalām Sayyid al-mursalīn.
=710  2\$aPrinceton University.$bLibrary.
=730  0\$aArabic Collections Online.
=776  08$iPrint version:$aNāzlī, Muḥammad Ḥaqqī.$tKhazīnat al-asrār$w(NjP)833000$w(OCoLC)28811479
=856  40$uhttp://hdl.handle.net/2333.1/08kps1rj 
=880  1\$6100-01$aنازلي، محمد حقي.
=880  10$6245-02$aخزينة الاسرار /$cجمع محمد حقي النازلي. وبهامشه كتاب الحصن الحصين من كلام سيد المرسلين / لشمس الدين محمد بن محمد الجزري.
=880  3\$6246-03$aحصن الحصين
=880  3\$6246-04$aحصن الحصين من كلام سيد المرسلين
=880  \\$6260-05$aبيروت، لبنان :$bدار الفكر،$c[19--]
=880  12$6700-06$aابن الجزري، محمد بن محمد،$d1350-1429.$tعدة الحصن الحصين من كلام سيد المرسلين.
=959  \\$aNNU$bWEB$cGENI$t0$mElectronic access$s01
=999  \\$iNjP_833000$o(OCoLC)ocm28811479$sprinceton_aco004334:$e(ERROR-MISC)$sprinceton_aco004334:

