=LDR  02162nam a2200409Mi 4500
=001  857285
=003  NjP
=006  m\\\\\\\\d\\\\\\\\
=007  cr\cn\|||m|||a
=008  200626s1860\\\\ua\\\\\\o\\\\\000\0\ara\d
=040  \\$aZYU$bara$erda$cZYU
=100  1\$6880-01$aAwsī, ʻUmar ibn Ibrāhīm,$d-1350 or 1351.
=240  10$6880-02$aQiṣṣat Yūsuf al-Ṣadīq al-musammá bi-Zahr al-kimām
=245  10$6880-03$aHādhā Kitāb qiṣṣat Yūsuf al-Ṣadīq al-musammá bi-Zahr al-kimām.
=246  3\$6880-04$aQiṣṣat Yūsuf al-Ṣadīq al-musammá bi-Zahr al-kimām
=246  3\$6880-05$aZahr al-kimām
=260  \\$6880-06$aMiṣr :$bMaṭbaʻat al-Ḥajar al-Bāhirah,$c1277 [1860 or 1861]
=300  \\$aonline resource (272 pages)
=336  \\$atext$2rdacontent
=337  \\$acomputer$2rdamedia
=338  \\$aonline resource$2rdacarrier
=500  \\$aPart of the Arabic Collections Online (ACO) project, contributed by Princeton University Libraries.
=533  \\$aElectronic reproduction.$bNew York, N.Y. :$cNew York University,$d2020.$5NNU
=600  00$aJoseph$c(Son of Jacob)
=600  07$aJoseph$c(Son of Jacob)$2fast$0(OCoLC)fst00041708
=710  2\$aPrinceton University.$bLibrary.
=730  0\$aArabic Collections Online.
=776  08$iPrint version:$aAwsī, ʻUmar ibn Ibrāhīm, -1350 or 1351.$tHādhā Kitāb qiṣṣat Yūsuf al-Ṣadīq al-musammá bi-Zahr al-kimām$w(NjP)857285$w(OCoLC)29685411
=856  40$uhttp://hdl.handle.net/2333.1/jq2bw0xk 
=880  1\$6100-01$aاوسي، عمر بن ابراهيم،$d-1350 or 1351.
=880  10$6240-02$aقصة يوسف الصديق المسمى بزهر الكمام
=880  10$6245-03$aهذا كتاب قصة يوسف الصديق المسمى بزهر الكمام.
=880  3\$6246-04$aقصة يوسف الصديق المسمى بزهر الكمام
=880  3\$6246-05$aزهر الكمام
=880  \\$6260-06$aمصر :$bمطبعة الحجر الباهرة،$c1277 [1860 or 1861]
=959  \\$aNNU$bWEB$cGENI$t0$mElectronic access$s01
=999  \\$iNjP_857285$o(OCoLC)ocm29685411$sprinceton_aco004263:$e(ERROR-MISC)$sprinceton_aco004263:

