=LDR  01792nam a2200361Mi 4500
=001  1034167
=003  NjP
=006  m\\\\\\\\d\\\\\\\\
=007  cr\cn\|||m|||a
=008  200626q19001995ir\j\\\\o\\\\\000\0bara\d
=040  \\$aZYU$bara$erda$cZYU
=050  14$aBP80.B87$bB878 1900z
=100  1\$6880-01$aBurūjirdī, Ḥusayn al-Ṭabāṭabāʼī,$d1875-1961.
=240  10$6880-02$aTadhkirah
=245  10$6880-03$aHādhihi Tadhkirah /$cjamaʻahā Ḥusayn Aḥmadī al-Ṭabāṭabāʼī al-Burūjirdī.
=260  \\$a[Place of publication not identified] :$b[publisher not identified],$c[19--]
=300  \\$aonline resource (65, 29 pages) :$bgenealogical
=336  \\$atext$2rdacontent
=337  \\$acomputer$2rdamedia
=338  \\$aonline resource$2rdacarrier
=500  \\$aBiography of Muḥammad ibn ʻABd al-Karīm al-Ḥasanī.
=500  \\$aPart of the Arabic Collections Online (ACO) project, contributed by Princeton University Libraries.
=533  \\$aElectronic reproduction.$bNew York, N.Y. :$cNew York University,$d2020.$5NNU
=600  10$aBurūjirdī, Muḥammad ibn ʻAbd al-Karīm.
=710  2\$aPrinceton University.$bLibrary.
=730  0\$aArabic Collections Online.
=776  08$iPrint version:$aBurūjirdī, Ḥusayn al-Ṭabāṭabāʼī, 1875-1961.$tHādhihi Tadhkirah$w(NjP)1034167$w(OCoLC)34253318
=856  40$uhttp://hdl.handle.net/2333.1/9s4mwh89 
=880  1\$6100-01$aبروجردي، حسين الطباطبائي،$d1875-1961.
=880  10$6240-02$aتذكرة
=880  10$6245-03$aهذه تذكرة /$cجمعها حسين احمدي الطباطبائي البروجردي.
=959  \\$aNNU$bWEB$cGENI$t0$mElectronic access$s01
=999  \\$iNjP_1034167$o(OCoLC)ocm34253318$sprinceton_aco002718$e(ERROR-880)$sprinceton_aco002718

