=LDR  01805nam a2200337Mi 4500
=001  4251021
=003  NjP
=006  m\\\\\\\\d\\\\\\\\
=007  cr\cn\|||m|||a
=008  200626m19859999ir\\\\\\o\\\\\000\0\ara\d
=040  \\$aZYU$bara$erda$cZYU
=100  1\$6880-01$aMuḥsinī, Muḥammad Āṣif.
=245  10$6880-02$aḤudūd al-sharīʻah /$cMuḥammad Āṣif al-Muḥsinī.
=260  \\$6880-03$a[Qum] :$bMaṭbaʻat Amīr al-Muʼminīn ʻalayhi al-salām,$c1985.
=300  \\$aonline resource (4 volumes)
=336  \\$atext$2rdacontent
=337  \\$acomputer$2rdamedia
=338  \\$aonline resource$2rdacarrier
=500  \\$aJuzʼ 1-2 :al-Muḥarramāt. Juzʼ 3-4 :al-Wājibāt.
=500  \\$aPart of the Arabic Collections Online (ACO) project, contributed by Princeton University Libraries.
=505  0\$aJuzʼ 1-2. al-Muḥarramāt -- juzʼ 3-4. al-Wājibāt.
=533  \\$aElectronic reproduction.$bNew York, N.Y. :$cNew York University,$d2020.$5NNU
=710  2\$aPrinceton University.$bLibrary.
=730  0\$aArabic Collections Online.
=776  08$iPrint version:$aMuḥsinī, Muḥammad Āṣif.$tḤudūd al-sharīʻah$w(NjP)4251021$w(OCoLC)33923877
=856  40$uhttp://hdl.handle.net/2333.1/v41nsbjr 
=880  1\$6100-01$aمحسني، محمد آصف.
=880  10$6245-02$aحدود الشريعة /$cمحمد آصف المحسني.
=880  \\$6260-03$a[قم] :$bمطبعة امير المؤمنين عليه السلام،$c1985.
=959  \\$aNNU$bWEB$cGENI$t0$mElectronic access$s01
=999  \\$iNjP_4251021$o(OCoLC)ocm33923877$sprinceton_aco003757:juz 1$sprinceton_aco003773:juz 2$sprinceton_aco003772:juz 3$sprinceton_aco003710:juz 4$e(ERROR-MISC)$sprinceton_aco003757:juz 1$sprinceton_aco003773:juz 2$sprinceton_aco003772:juz 3$sprinceton_aco003710:juz 4

