=LDR  02138nam a2200397Mi 4500
=001  499189
=003  NjP
=006  m\\\\\\\\d\\\\\\\\
=007  cr\cn\|||m|||a
=008  200626m19839999ir\\\\\\o\\\\\000\0\ara\d
=040  \\$aZYU$bara$erda$cZYU
=100  1\$6880-01$aMalakūtī, Muslim.
=245  13$6880-02$aal-Amn al-ʻāmm fī al-Islām, aw, al-Naẓẓārah al-ʻāmmah lil-ʻumūm ʻalá al-ʻumūm /$cMuslim al-Malakūtī.
=246  3\$6880-03$aNaẓẓārah al-ʻāmmah lil-ʻumūm ʻalá al-ʻumūm
=250  \\$6880-04$aal-Ṭabʻah 1.
=260  \\$6880-05$a[Tabriz] :$bSāzmān-i Tablīghāt-i Islāmī-i Āz̤arbāyjān-Sharqī,$c1403- [1983-]
=300  \\$aonline resource (volumes)
=336  \\$atext$2rdacontent
=337  \\$acomputer$2rdamedia
=338  \\$aonline resource$2rdacarrier
=500  \\$aPublisher from stamp on t.p.
=500  \\$aPart of the Arabic Collections Online (ACO) project, contributed by Princeton University Libraries.
=533  \\$aElectronic reproduction.$bNew York, N.Y. :$cNew York University,$d2020.$5NNU
=650  \0$aReligious life$xShīʻah.
=650  \7$aReligious life$xShīʻah.$2fast$0(OCoLC)fst01094133
=710  2\$aPrinceton University.$bLibrary.
=730  0\$aArabic Collections Online.
=776  08$iPrint version:$aMalakūtī, Muslim.$tal-Amn al-ʻāmm fī al-Islām, aw, al-Naẓẓārah al-ʻāmmah lil-ʻumūm ʻalá al-ʻumūm$w(NjP)499189$w(OCoLC)26629621
=856  40$uhttp://hdl.handle.net/2333.1/n02v76nb 
=880  1\$6100-01$aملكوتي، مسلم. 
=880  12$6245-02$aالامن العام في الاسلام، او، النظارة العامة للعموم على العموم /$cمسلم الملكوتي.
=880  3\$6246-03$aنظارة العامة للعموم على العموم
=880  \\$6250-04$aالطبعة 1.
=880  \\$6260-05$a[تبرز] :$bسازمان تبلىغات اسلامى آضرباىجانشرقى،$c1403 [1983]
=959  \\$aNNU$bWEB$cGENI$t0$mElectronic access$s01
=999  \\$iNjP_499189$o(OCoLC)ocm26629621$sprinceton_aco003360:juz 1$e(ERROR-MISC)$sprinceton_aco003360:juz 1

