=LDR  03371nam a2200421Mi 4500
=001  191383
=003  NjP
=006  m\\\\\\\\d\\\\\\\\
=007  cr\cn\|||m|||a
=008  200626m19731979ir\h\\\\ob\\\\000\0\ara\d
=040  \\$aZYU$bara$erda$cZYU
=100  1\$6880-01$aMajlisī, Muḥammad Bāqir ibn Muḥammad Taqī,$d1627 or 1628-approximately 1699.
=245  10$6880-02$aRawḍat al-muttaqīn fī sharh̄ Man lā yaḥḍuruhu al-faqīh /$cli-muʼallifihi Muḥammad Taqī al-Majlisī ; nammaqahu wa-ʻallaqa ʻalayhi wa-ashrafa ʻalā ṭabʻihi Ḥusayn al-Mūsawī al-Kirmānī wa-ʻAlī Panāh al-Ishtihārdī.
=260  \\$6880-03$a[Qum] :$bBunyād-i Farhang-i Islāmī-i Ḥājj Muḥammad Ḥusayn Kūshānpūr,$c1393-1399 [1973-1979]
=300  \\$aonline resource (14 volumes) :$bfacsimiles
=336  \\$atext$2rdacontent
=337  \\$acomputer$2rdamedia
=338  \\$aonline resource$2rdacarrier
=500  \\$aPart of the Arabic Collections Online (ACO) project, contributed by Princeton University Libraries.
=504  \\$aIncludes bibliographical references.
=533  \\$aElectronic reproduction.$bNew York, N.Y. :$cNew York University,$d2020.$5NNU
=600  10$6880-04$aIbn Bābawayh al-Qummī, Muḥammad ibn ʻAlī,$d918 or 919-991 or 992.$tMan lā yaḥḍuruhu al-faqīh.
=650  \0$aIslamic law$vEarly works to 1800.
=650  \0$aHadith (Shiites)$xCommentaries$vEarly works to 1800.
=700  1\$6880-05$aMūsavī Kirmānī, Ḥusayn.
=700  1\$6880-06$aIshtihārdī, ʻAlī Panāh.
=710  2\$aPrinceton University.$bLibrary.
=730  0\$aArabic Collections Online.
=776  08$iPrint version:$aMajlisī, Muḥammad Bāqir ibn Muḥammad Taqī, 1627 or 1628-approximately 1699.$tRawḍat al-muttaqīn fī sharh̄ Man lā yaḥḍuruhu al-faqīh$w(NjP)191383$w(OCoLC)122879125
=856  40$uhttp://hdl.handle.net/2333.1/t1g1k4q9 
=880  1\$6100-01$aمجلسي، محمد باقر بن محمد تقي،$d1627 or 1628-approximately 1699.
=880  10$6245-02$aروضة المتقين في شرح من لا يحضره الفقيه /$cلمؤلفه محمد تقي المجلسي ؛ نمقه وعلق عليه واشرف على طبعه حسين الموسوي الكرماني وعلي پناه الاشتهاردي.
=880  \\$6260-03$a[قم] :$bبنياد فرهنگ إسلامي حاج محمد حسين كوشانپور،$c١٣٩٣-١٣٩٩.
=880  14$6600-04$aابن بابويه القمي، محمد بن علي.$tمن لا يحضره الفقيه.
=880  1\$6700-05$aموسوي كرماني، حسين.
=880  1\$6700-06$aاشتهاردي، علي پناه.
=959  \\$aNNU$bWEB$cGENI$t0$mElectronic access$s01
=999  \\$iNjP_191383$o(OCoLC)ocn122879125$sprinceton_aco001793$sprinceton_aco001808$sprinceton_aco001888$sprinceton_aco001919$sprinceton_aco002073$sprinceton_aco002074$sprinceton_aco002077$sprinceton_aco002091$sprinceton_aco002225$sprinceton_aco002226$sprinceton_aco002227$sprinceton_aco002228$sprinceton_aco002229$sprinceton_aco002232$e(ERROR-MISC)$sprinceton_aco001793$sprinceton_aco001808$sprinceton_aco001888$sprinceton_aco001919$sprinceton_aco002073$sprinceton_aco002074$sprinceton_aco002077$sprinceton_aco002091$sprinceton_aco002225$sprinceton_aco002226$sprinceton_aco002227$sprinceton_aco002228$sprinceton_aco002229$sprinceton_aco002232

