=LDR  01988nam a2200421Mi 4500
=001  1681166
=003  NjP
=006  m\\\\\\\\d\\\\\\\\
=007  cr\cn\|||m|||a
=008  200626s1941\\\\le\\\\\\o\\\\\000\0\ara\d
=040  \\$aZYU$bara$erda$cZYU
=100  1\$6880-01$aMadanī, Hāshim Daftardār.
=245  10$6880-02$aKitāb Iṣlāh al-Islām al-iqtiṣādī /$ctaʼlīf Hāshim al-Daftardār al-Madanī. 
=250  \\$6880-03$aal-Ṭabʻah 2.
=260  \\$6880-04$aBayrūt :$bMaṭbaʻat al-Inṣāf,$c1360 H. = 1941 M.
=300  \\$aonline resource (18, 90 pages)
=336  \\$atext$2rdacontent
=337  \\$acomputer$2rdamedia
=338  \\$aonline resource$2rdacarrier
=500  \\$aPart of the Arabic Collections Online (ACO) project, contributed by Princeton University Libraries.
=533  \\$aElectronic reproduction.$bNew York, N.Y. :$cNew York University,$d2020.$5NNU
=546  \\$aIn Arabic.
=650  \0$aEconomics$xReligious aspects$xIslam.
=650  \0$aIslam$xEconomic aspects.
=650  \0$aZakat.
=650  \7$aEconomics$xReligious aspects$xIslam.$2fast$0(OCoLC)fst00902190
=650  \7$aIslam$xEconomic aspects.$2fast$0(OCoLC)fst00979791
=650  \7$aZakat.$2fast$0(OCoLC)fst01183999
=710  2\$aPrinceton University.$bLibrary.
=730  0\$aArabic Collections Online.
=776  08$iPrint version:$aMadanī, Hāshim Daftardār.$tKitāb Iṣlāh al-Islām al-iqtiṣādī$w(NjP)1681166$w(OCoLC)42943075
=856  40$uhttp://hdl.handle.net/2333.1/1g1jx3fq 
=880  1\$6100-01$aمدني، هاشم دفتردار.
=880  10$6245-02$aكتاب اصلاح الاسلام الاقتصادي /$cتأليف هاشم الدفتردار المدني. 
=880  \\$6250-03$aالطبعة 2.
=880  \\$6260-04$aبيروت :$bمطبعة الانصاف،$c1360 ه. = 1941 م.
=959  \\$aNNU$bWEB$cGENI$t0$mElectronic access$s01
=999  \\$iNjP_1681166$o(OCoLC)ocm42943075$sprinceton_aco003958:$e(ERROR-MISC)$sprinceton_aco003958:

