=LDR  02501nam a2200469Mi 4500
=001  353438
=003  NjP
=006  m\\\\\\\\d\\\\\\\\
=007  cr\cn\|||m|||a
=008  200626q19601970ir\\\\\\o\\\\\001\0\araod
=040  \\$aZYU$bara$erda$cZYU
=050  \4$aBP194.2$b.T3 1960z
=100  1\$6880-01$aṬabāṭabāʼī al-Yazdī, Muḥammad Kāẓim,$d-1919.
=245  13$6880-02$aal-ʻUrwah al-wuthqá /$ctaʼlīf al-ʻallāmah al-faqīh al-sayyid Muḥammad Kāẓim al-Ṭabātabāʼī al-Yazdī.
=260  \\$6880-03$aṬahrān :$bDār al-Kutub al-Islāmīyah,$c[196?]
=300  \\$aonline resource (674 pages)
=336  \\$atext$2rdacontent
=337  \\$acomputer$2rdamedia
=338  \\$aonline resource$2rdacarrier
=500  \\$aIncludes index.
=500  \\$aForms part of the Islamic Lithographs Collection.$5ICU
=500  \\$aPart of the Arabic Collections Online (ACO) project, contributed by Princeton University Libraries.
=533  \\$aElectronic reproduction.$bNew York, N.Y. :$cNew York University,$d2020.$5NNU
=650  \0$aIslamic law$xInterpretation and construction.
=650  \0$aIslam$xCustoms and practices.
=650  \0$aShīʻah.
=650  \0$aShīʻah$xRituals.
=650  \7$aIslam$xCustoms and practices.$2fast$0(OCoLC)fst00979785
=650  \7$aIslamic law$xInterpretation and construction.$2fast$0(OCoLC)fst00979955
=650  \7$aShīʻah.$2fast$0(OCoLC)fst01117946
=650  \7$aShīʻah$xRituals.$2fast$0(OCoLC)fst01117959
=710  2\$aIslamic Lithographs Collection.$5ICU
=710  2\$aPrinceton University.$bLibrary.
=730  0\$aArabic Collections Online.
=776  08$iOnline version:$aṬabāṭabāʼī al-Yazdī, Muḥammad Kāẓim, -1919.$tʻUrwah al-wuthqá.$dṬahrān : Dār al-Kutub al-Islāmīyah, [196?]$w(OCoLC)1145405017
=776  08$iPrint version:$aṬabāṭabāʼī al-Yazdī, Muḥammad Kāẓim, -1919.$tal-ʻUrwah al-wuthqá$w(NjP)353438$w(OCoLC)82975911
=856  40$uhttp://hdl.handle.net/2333.1/rbnzsj77 
=880  1\$6100-01$aطباطبائي اليزدي، محمد كاظم،$d-1919.
=880  12$6245-02$aالعروة الوثقى /$cتأليف العلامة الفقيه السيد محمد كاظم الطباتبائي اليزدي.
=880  \\$6260-03$aطهران :$bدار الكتب الاسلامية،$c[196؟]
=959  \\$aNNU$bWEB$cGENI$t0$mElectronic access$s01
=999  \\$iNjP_353438$o(OCoLC)ocm82975911$sprinceton_aco003817:$e(ERROR-880)$sprinceton_aco003817:

