=LDR  01874nam a2200409Mi 4500
=001  2787034
=003  NjP
=006  m\\\\\\\\d\\\\\\\\
=007  cr\cn\|||m|||a
=008  200626r197u1933ir\c\\\\ob\\\\000\0\ara\d
=040  \\$aZYU$bara$erda$cZYU
=043  \\$aar-----
=100  1\$6880-01$aSabītī, ʻAbd Allāh. 
=245  10$6880-02$aTaḥta rāyat al-ḥaqq fī al-radd ʻalā Fajr al-Islām.
=260  \\$6880-03$aṢaydā :$bMaṭbaʻat al-ʻIrfān,$c1933.
=300  \\$aonline resource (144 pages) :$bportrait
=336  \\$atext$2rdacontent
=337  \\$acomputer$2rdamedia
=338  \\$aonline resource$2rdacarrier
=500  \\$aPart of the Arabic Collections Online (ACO) project, contributed by Princeton University Libraries.
=533  \\$aElectronic reproduction.$bNew York, N.Y. :$cNew York University,$d2020.$5NNU
=546  \\$aIn Arabic.
=504  \\$aIncludes bibliographical references.
=600  10$aAmīn, Aḥmad,$d1886-1954.$tFajr al-Islām.
=651  \0$aArabian Peninsula$xHistory.
=630  07$aFajr al-Islām (Amīn, Aḥmad)$2fast$0(OCoLC)fst01384268
=651  \7$aArabian Peninsula.$2fast$0(OCoLC)fst01240131
=655  \7$aHistory.$2fast$0(OCoLC)fst01411628
=710  2\$aPrinceton University.$bLibrary.
=730  0\$aArabic Collections Online.
=776  08$iPrint version:$aSabītī, ʻAbd Allāh.$tTaḥta rāyat al-ḥaqq fī al-radd ʻalā Fajr al-Islām$w(NjP)2787034$w(OCoLC)42840740
=856  40$uhttp://hdl.handle.net/2333.1/fttdz8zg 
=880  1\$6100-01$aسبيتي، عبد الله. 
=880  10$6245-02$aتحت راية الحق في الرد على فجر الاسلام.
=880  \\$6260-03$aصيدا :$bمطبعة العرفان،$c1933.
=959  \\$aNNU$bWEB$cGENI$t0$mElectronic access$s01
=999  \\$iNjP_2787034$o(OCoLC)ocm42840740$sprinceton_aco003165$e(ERROR-MISC)$sprinceton_aco003165

