=LDR  03549nam a2200409Mi 4500
=001  801023
=003  NjP
=006  m\\\\\\\\d\\\\\\\\
=007  cr\cn\|||m|||a
=008  200626s1876\\\\iq\\\\\\o\\\\\000\0\ara\d
=040  \\$aZYU$bara$erda$cZYU
=043  \\$aa-tu---
=100  1\$6880-01$aĀlūsī, Maḥmūd ibn ʻAbd Allāh,$d1802 or 1803-1853 or 1854.
=240  10$6880-02$aNashwat al-shumūl fī al-safar ilá Islāmbūl riḥlat ʻallāmat ʻaṣrihi wa-fahhāmat Miṣr, khātimat al-mufassirīn al-marḥūm Abū al-Thanāʼ Shihāb al-Dīn al-sayyid Maḥmūd afandī al-shahīr bi-Alūsīźādah
=245  10$6880-03$aHādhā kitāb nashwat al-shumūl fī al-safar ilá Islāmbūl riḥlat ʻallāmat ʻaṣrihi wa-fahhāmat Miṣr, khātimat al-mufassirīn al-marḥūm Abū al-Thanāʼ Shihāb al-Dīn al-sayyid Maḥmūd afandī al-shahīr bi-Alūsī źādah.
=246  3\$6880-04$aNashwat al-shumūl fī al-safar ilá Islāmbūl riḥlat ʻallāmat ʻaṣrihi wa-fahhāmat Miṣr, khātimat al-mufassirīn al-marḥūm Abū al-Thanāʼ Shihāb al-Dīn al-sayyid Maḥmūd afandī al-shahīr bi-Alūsīźādah
=260  \\$6880-05$aBaghdād :$bMaṭbaʻat Wilāyat,$c1293 [1876 or 1877]
=300  \\$aonline resource (136 pages)
=336  \\$atext$2rdacontent
=337  \\$acomputer$2rdamedia
=338  \\$aonline resource$2rdacarrier
=500  \\$aPart of the Arabic Collections Online (ACO) project, contributed by Princeton University Libraries.
=533  \\$aElectronic reproduction.$bNew York, N.Y. :$cNew York University,$d2020.$5NNU
=651  \0$aIstanbul (Turkey)$xDescription and travel.
=650  \7$aTravel.$2fast$0(OCoLC)fst01155558
=651  \7$aTurkey$zIstanbul.$2fast$0(OCoLC)fst01204833
=710  2\$aPrinceton University.$bLibrary.
=730  0\$aArabic Collections Online.
=776  08$iPrint version:$aĀlūsī, Maḥmūd ibn ʻAbd Allāh, 1802 or 1803-1853 or 1854.$tHādhā kitāb nashwat al-shumūl fī al-safar ilá Islāmbūl riḥlat ʻallāmat ʻaṣrihi wa-fahhāmat Miṣr, khātimat al-mufassirīn al-marḥūm Abū al-Thanāʼ Shihāb al-Dīn al-sayyid Maḥmūd afandī al-shahīr bi-Alūsī źādah$w(NjP)801023$w(OCoLC)27983312
=856  40$uhttp://hdl.handle.net/2333.1/cnp5j12w 
=880  1\$6100-01$aآلوسي، محمود بن عبد الله،$d1802 or 1803-1853 or 1854.
=880  10$6240-02$aنشوة الشمول في السفر الى اسلامبول رحلة علامة عصره وفهامة مصر، خاتمة المفسرين المرحوم ابو الثناء شهاب الدين السيد محمود افندي الشهير بلوسيزادة
=880  10$6245-03$aهذا كتاب نشوة الشمول في السفر الى اسلامبول رحلة علامة عصره وفهامة مصر، خاتمة المفسرين المرحوم ابو الثناء شهاب الدين السيد محمود افندي الشهير بآلوسي زادة.
=880  3\$6246-04$aنشوة الشمول في السفر الى اسلامبول رحلة علامة عصره وفهامة مصر، خاتمة المفسرين المرحوم ابو الثناء شهاب الدين السيد محمود افندي الشهير بآلوسي زادة
=880  \\$6260-05$aبغداد :$bمطبعة ولاية،$c1293 [1876 or 1877]
=959  \\$aNNU$bWEB$cGENI$t0$mElectronic access$s01
=999  \\$iNjP_801023$o(OCoLC)ocm27983312$sprinceton_aco004115:$e(ERROR-MISC)$sprinceton_aco004115:

