=LDR  01805nam a2200373Mi 4500
=001  417231
=003  NjP
=006  m\\\\\\\\d\\\\\\\\
=007  cr\cn\|||m|||a
=008  200626q19801987ir\\\\\\o\\\\\000\0cara\d
=040  \\$aZYU$bara$erda$cZYU
=100  1\$6880-01$aNajaf Ābādī, ʻAlī al-Rūḥānī.
=245  13$6880-02$aal-Wuṣūl ilá manāqib Āl al-Rasūl /$ctaʼlīf ʻAlī al-Rūḥānī al-Najaf Ābādī.
=260  \\$6880-03$aQum :$bChāpkhāneh ʻIlmīyah,$c[198-]
=300  \\$aonline resource (318 pages)
=336  \\$atext$2rdacontent
=337  \\$acomputer$2rdamedia
=338  \\$aonline resource$2rdacarrier
=500  \\$aPart of the Arabic Collections Online (ACO) project, contributed by Princeton University Libraries.
=533  \\$aElectronic reproduction.$bNew York, N.Y. :$cNew York University,$d2020.$5NNU
=650  \0$aImams (Shiites)$vBiography.
=650  \0$aShiites.
=650  \7$aImams (Shiites)$2fast$0(OCoLC)fst00967650
=650  \7$aShiites.$2fast$0(OCoLC)fst01115976
=655  \7$aBiographies.$2fast$0(OCoLC)fst01919896
=710  2\$aPrinceton University.$bLibrary.
=730  0\$aArabic Collections Online.
=776  08$iPrint version:$aNajaf Ābādī, ʻAlī al-Rūḥānī.$tal-Wuṣūl ilá manāqib Āl al-Rasūl$w(NjP)417231$w(OCoLC)25579106
=856  40$uhttp://hdl.handle.net/2333.1/15dv4b8r 
=880  1\$6100-01$aنجف آبادي، علي الروحاني.
=880  12$6245-02$aالوصول الى مناقب آل الرسول /$cتأليف علي الروحاني النجف آبادي.
=880  \\$6260-03$aقم :$bچاپخانه عالمية،$c[198-]
=959  \\$aNNU$bWEB$cGENI$t0$mElectronic access$s01
=999  \\$iNjP_417231$o(OCoLC)ocm25579106$sprinceton_aco003278$e(ERROR-MISC)$sprinceton_aco003278

