=LDR  01798nam a2200337Mi 4500
=001  2834213
=003  NjP
=006  m\\\\\\\\d\\\\\\\\
=007  cr\cn\|||m|||a
=008  200626s1936\\\\sy\\\\\\o\\\\\000\0\ara\d
=040  \\$aZYU$bara$erda$cZYU
=100  1\$6880-01$aĀlā, Muḥammad Najīb Muḥammad Khayyāṭah.
=245  10$6880-02$aKashf al-ḥijāb ʻan Hidāyat al-murtāb :$bwa-yalīhi jawāb ʻan suʼāl muhimm fī shaʼn ḥifẓ al-Qurʼān al-ʻaẓīm.
=260  \\$6880-03$aḤalab :$bMaṭbaʻat al-Iqtiṣād,$c[1355 [1936]]
=300  \\$aonline resource (105 pages)
=336  \\$atext$2rdacontent
=337  \\$acomputer$2rdamedia
=338  \\$aonline resource$2rdacarrier
=500  \\$aPart of the Arabic Collections Online (ACO) project, contributed by Princeton University Libraries.
=533  \\$aElectronic reproduction.$bNew York, N.Y. :$cNew York University,$d2020.$5NNU
=546  \\$aIn Arabic.
=600  10$aSakhāwī, ʻAlī ibn Muḥammad,$d1163?-1245.$tHidayat al-murtāb.
=710  2\$aPrinceton University.$bLibrary.
=730  0\$aArabic Collections Online.
=776  08$iPrint version:$aĀlā, Muḥammad Najīb Muḥammad Khayyāṭah.$tKashf al-ḥijāb ʻan Hidāyat al-murtāb$w(NjP)2834213$w(OCoLC)42895550
=856  40$uhttp://hdl.handle.net/2333.1/9ghx3r4k 
=880  1\$6100-01$aالآلا، محمد نجيب محمد خياطة.
=880  10$6245-02$aكشف الحجاب عن هداية المرتاب :$bويليه جواب عن سؤال مهم في شأن حفظ القرآن العظيم.
=880  \\$6260-03$aحلب :$bمطبعة الاقتصاد،$c[1355 [1936]]
=959  \\$aNNU$bWEB$cGENI$t0$mElectronic access$s01
=999  \\$iNjP_2834213$o(OCoLC)ocm42895550$sprinceton_aco002722$e(ERROR-MISC)$sprinceton_aco002722

