=LDR  02005nam a2200373Mi 4500
=001  2788119
=003  NjP
=006  m\\\\\\\\d\\\\\\\\
=007  cr\cn\|||m|||a
=008  200626s1946\\\\ua\\\\\\o\\\\\000\0\ara\d
=040  \\$aZYU$bara$erda$cZYU
=100  0\$6880-01$aMuḥammad ibn ʻAbd al-Wahhāb,$d1703 or 1704-1792.
=245  10$6880-02$aKitāb al-tawḥīd alladhī huwa ḥaqq Allāh ʻalā al-ʻabīd /$cʻAllaqa ʻalayhi aḥad afāḍil al-ʻulamāʼ ; rājaʻahu wa-ṣaḥḥaḥahu Aḥmad Muḥammad Shākir.
=260  \\$6880-03$aMiṣr :$bDār al-Maʻārif,$c[1946]
=300  \\$aonline resource (221 pages)
=336  \\$atext$2rdacontent
=337  \\$acomputer$2rdamedia
=338  \\$aonline resource$2rdacarrier
=500  \\$aPart of the Arabic Collections Online (ACO) project, contributed by Princeton University Libraries.
=533  \\$aElectronic reproduction.$bNew York, N.Y. :$cNew York University,$d2020.$5NNU
=546  \\$aIn Arabic.
=650  \0$aGod (Islam)$xProof.
=650  \0$aGod (Islam)$xAttributes.
=650  \7$aGod (Islam)$xAttributes.$2fast$0(OCoLC)fst00944143
=650  \7$aGod (Islam)$xProof.$2fast$0(OCoLC)fst00944150
=710  2\$aPrinceton University.$bLibrary.
=730  0\$aArabic Collections Online.
=776  08$iPrint version:$aMuḥammad ibn ʻAbd al-Wahhāb, 1703 or 1704-1792.$tKitāb al-tawḥīd alladhī huwa ḥaqq Allāh ʻalā al-ʻabīd$w(NjP)2788119$w(OCoLC)42865810
=856  40$uhttp://hdl.handle.net/2333.1/95x69zww 
=880  0\$6100-01$aمحمد بن عبد الوهاب،$d1703 or 1704-1792.
=880  10$6245-02$aكتاب التوحيد الذي هو حق الله على العبيد /$cعلق عليه احد افاضل العلماء؛ راجعه وصححه احمد محمد شاكر.
=880  \\$6260-03$aمصر :$bدار المعارف،$c[1946]
=959  \\$aNNU$bWEB$cGENI$t0$mElectronic access$s01
=999  \\$iNjP_2788119$o(OCoLC)ocm42865810$sprinceton_aco003839:$e(ERROR-MISC)$sprinceton_aco003839:

