=LDR  01556nam a2200361Mi 4500
=001  2787287
=003  NjP
=006  m\\\\\\\\d\\\\\\\\
=007  cr\cn\|||m|||a
=008  200626s1959\\\\sy\a\\\\of\\\\000\0\ara\d
=040  \\$aZYU$bara$erda$cZYU
=100  1\$6880-01$aMahāyinī, Maẓhar,$d1918-
=245  10$6880-02$aFann al-jirāḥah.
=260  \\$6880-03$aDimashq :$bMaṭbaʻat Jāmiʻat Dimashq,$c1959.
=300  \\$aonline resource (469 pages) :$billustrations
=336  \\$atext$2rdacontent
=337  \\$acomputer$2rdamedia
=338  \\$aonline resource$2rdacarrier
=500  \\$aPart of the Arabic Collections Online (ACO) project, contributed by Princeton University Libraries.
=533  \\$aElectronic reproduction.$bNew York, N.Y. :$cNew York University,$d2020.$5NNU
=546  \\$aIn Arabic.
=650  \0$aSurgery$vHandbooks, manuals, etc.
=650  \7$aSurgery.$2fast$0(OCoLC)fst01139351
=655  \7$aHandbooks and manuals.$2fast$0(OCoLC)fst01423877
=710  2\$aPrinceton University.$bLibrary.
=730  0\$aArabic Collections Online.
=776  08$iPrint version:$aMahāyinī, Maẓhar, 1918-$tFann al-jirāḥah$w(NjP)2787287$w(OCoLC)42847079
=856  40$uhttp://hdl.handle.net/2333.1/vdnck3qs 
=880  1\$6100-01$aمهايني، مظهر،$d1918-
=880  10$6245-02$aفن الجراحة.
=880  \\$6260-03$aدمشق :$bمطبعة جامعة دمشق،$c1959.
=959  \\$aNNU$bWEB$cGENI$t0$mElectronic access$s01
=999  \\$iNjP_2787287$o(OCoLC)ocm42847079$sprinceton_aco002575$e(ERROR-MISC)$sprinceton_aco002575

