=LDR  02164nam a2200385Mi 4500
=001  863678
=003  NjP
=006  m\\\\\\\\d\\\\\\\\
=007  cr\cn\|||m|||a
=008  200626s1902\\\\ua\\\\\\o\\\\\100\0\ara\d
=040  \\$aZYU$bara$erda$cZYU
=043  \\$aaw-----$af------
=245  00$6880-01$aKalimah ʻan al-Muʼtamar al-th⁻alith ʻashar min muʼtamar⁻at ʻulam⁻aʼ al-lugh⁻at al-sharq⁻iyah al-munʻaqid bi-mad⁻inat H⁻amburj f⁻i aw⁻aiʼl shahr Sitamibar sanat 1902 /$cMuṣṭafá Bayram.
=260  \\$6880-02$aal-Q⁻ahirah :$b[publisher not identified],$c1902.
=300  \\$aonline resource (76 pages)
=336  \\$atext$2rdacontent
=337  \\$acomputer$2rdamedia
=338  \\$aonline resource$2rdacarrier
=500  \\$aPart of the Arabic Collections Online (ACO) project, contributed by Princeton University Libraries.
=533  \\$aElectronic reproduction.$bNew York, N.Y. :$cNew York University,$d2020.$5NNU
=650  \0$aLanguages in contact$zMiddle East.
=650  \0$aLanguages in contact$zAfrica.
=650  \7$aLanguages in contact.$2fast$0(OCoLC)fst00992434
=651  \7$aAfrica.$2fast$0(OCoLC)fst01239509
=651  \7$aMiddle East.$2fast$0(OCoLC)fst01241586
=700  1\$6880-03$aBayram, Muṣṭafá.
=710  2\$aPrinceton University.$bLibrary.
=730  0\$aArabic Collections Online.
=776  08$iPrint version:$tKalimah ʻan al-Muʼtamar al-th⁻alith ʻashar min muʼtamar⁻at ʻulam⁻aʼ al-lugh⁻at al-sharq⁻iyah al-munʻaqid bi-mad⁻inat H⁻amburj f⁻i aw⁻aiʼl shahr Sitamibar sanat 1902$w(NjP)863678$w(OCoLC)29866004
=856  40$uhttp://hdl.handle.net/2333.1/rxwdc2kc 
=880  00$6245-01$aكلمة عن المؤتمر الثالث عشر من مؤتمرات علماء اللغات الشرقية المنعقد بمدينة هامبورج في أوائل شهر ستمبر سنة 1902 /$cمصطفى بيرم.
=880  \\$6260-02$aالقاهرة :$b[publisher not identified]،$c1902.
=880  1\$6700-03$aبيرم، مصطفى.
=959  \\$aNNU$bWEB$cGENI$t0$mElectronic access$s01
=999  \\$iNjP_863678$o(OCoLC)ocm29866004$sprinceton_aco002862$e(ERROR-MISC)$sprinceton_aco002862

