=LDR  02202nam a2200457Mi 4500
=001  399429
=003  NjP
=006  m\\\\\\\\d\\\\\\\\
=007  cr\cn\|||m|||a
=008  200626q19801987ir\a\\\\ob\\\\001\0\ara\d
=040  \\$aZYU$bara$erda$cZYU
=050  \4$aBP194$bT87 1983
=100  1\$6880-01$aṬūsī, Muḥammad ibn al-Ḥasan,$d995-1067?
=240  10$aWorks.$kSelections.$f1980
=245  10$6880-02$aRasāʼil al-Shaykh al-Ṭūsī.
=246  3\$6880-03$aRasāʼil al-ʻashr
=260  \\$6880-04$aQum :$bMuʼassasat al-Nashr al-Islāmī al-Tābiʻah li-Jamāʻat al-Mudarrisīn,$c[198-]
=300  \\$aonline resource (360 pages) :$billustrations
=336  \\$atext$2rdacontent
=337  \\$acomputer$2rdamedia
=338  \\$aonline resource$2rdacarrier
=500  \\$aCover title: al-Rasāʼil al-ʻashr.
=500  \\$aPart of the Arabic Collections Online (ACO) project, contributed by Princeton University Libraries.
=504  \\$aIncludes bibliographical references (pages 60-62).
=500  \\$aIncludes indexes.
=533  \\$aElectronic reproduction.$bNew York, N.Y. :$cNew York University,$d2020.$5NNU
=650  \0$aShīʻah$xDoctrines$vEarly works to 1800.
=650  \0$aShīʻah$xCustoms and practices$vEarly works to 1800.
=650  \7$aShīʻah$xCustoms and practices.$2fast$0(OCoLC)fst01117947
=650  \7$aShīʻah$xDoctrines.$2fast$0(OCoLC)fst01117948
=655  \7$aEarly works.$2fast$0(OCoLC)fst01411636
=710  2\$aPrinceton University.$bLibrary.
=730  0\$aArabic Collections Online.
=776  08$iPrint version:$aṬūsī, Muḥammad ibn al-Ḥasan, 995-1067?$tRasāʼil al-Shaykh al-Ṭūsī$w(NjP)399429$w(OCoLC)22319933
=856  40$uhttp://hdl.handle.net/2333.1/0vt4bk2g 
=880  1\$6100-01$aطوسي، محمد بن الحسن،$d995-1067؟
=880  10$6245-02$aرسائل الشيخ الطوسي.
=880  3\$6246-03$aرسائل العشر 
=880  \\$6260-04$aقم :$bمؤسسة النشر الاسلامي التابعة لجماعة المدرسين،$c[198-]
=959  \\$aNNU$bWEB$cGENI$t0$mElectronic access$s01
=999  \\$iNjP_399429$o(OCoLC)ocm22319933$sprinceton_aco003573:$e(ERROR-880)$sprinceton_aco003573:

