=LDR  01992nam a2200361Mi 4500
=001  2788643
=003  NjP
=006  m\\\\\\\\d\\\\\\\\
=007  cr\cn\|||m|||a
=008  200626m18929999ir\\\\\\o\\\\\000\0\ara\d
=040  \\$aZYU$bara$erda$cZYU
=100  1\$6880-01$aYazdī, Ḥasan ibn Ḥusayn,$d1864-1919.
=245  10$6880-02$aHādhā huwa al-mujallad al-thālith min Kitāb iksīr al-akhbār /$cmin muʼallafāt Ḥasan al-Ḥusaynī al-Yazdī.
=260  \\$6880-03$a[Mashhad] :$bDār al-Ṭibāʻah al-Riḍawīyah,$c1310 [1892 or 1893]
=300  \\$aonline resource (volumes)
=336  \\$atext$2rdacontent
=337  \\$acomputer$2rdamedia
=338  \\$aonline resource$2rdacarrier
=500  \\$aPart of the Arabic Collections Online (ACO) project, contributed by Princeton University Libraries.
=533  \\$aElectronic reproduction.$bNew York, N.Y. :$cNew York University,$d2020.$5NNU
=546  \\$aIn Arabic.
=650  \0$aIslamic ethics.
=650  \7$aIslamic ethics.$2fast$0(OCoLC)fst00979936
=710  2\$aPrinceton University.$bLibrary.
=730  0\$aArabic Collections Online.
=776  08$iOnline version:$aYazdī, Ḥasan ibn Ḥusayn, 1864-1919.$tIksīr al-akhbār lil-akhyār al-abrār.$d[Mashhad, 1310 [1892 or 3-$w(OCoLC)682473654
=776  08$iPrint version:$aYazdī, Ḥasan ibn Ḥusayn, 1864-1919.$tHādhā huwa al-mujallad al-thālith min Kitāb iksīr al-akhbār$w(NjP)2788643$w(OCoLC)42886338
=856  40$uhttp://hdl.handle.net/2333.1/dv41p2qm 
=880  1\$6100-01$aيزدي، حسن بن حسين،$d1864-1919.
=880  10$6245-02$aهذا هو المجلد الثالث من كتاب اكسير الاخبار /$cمن مؤلفات حسن الحسيني اليزدي.
=880  \\$6260-03$a[مشهد] :$bدار الطباعة الرضوية،$c1310 [1892 or 1893]
=959  \\$aNNU$bWEB$cGENI$t0$mElectronic access$s01
=999  \\$iNjP_2788643$o(OCoLC)ocm42886338$sprinceton_aco004134:v.3$e(ERROR-MISC)$sprinceton_aco004134:v.3

