=LDR  02476nam a2200409Mi 4500
=001  2759844
=003  NjP
=006  m\\\\\\\\d\\\\\\\\
=007  cr\cn\|||m|||a
=008  200626s1970\\\\iq\\\\\\ob\\\\000\0\arard
=040  \\$aZYU$bara$erda$cZYU
=050  \4$aJX6719$b.A99
=110  1\$6880-01$aʻAzzāwī, Yūnus.
=245  10$6880-02$aMushkilat al-masʼūlīyah al-jināʼīyah al-shakhṣīyah fī al-qānūn al-dawlī :$bdirāsah qānūnīyah muqāranah /$c[taʼlīf] Yūnus al-ʻAzzāwī.
=246  3\$aProblem of criminal responsibility of individuals under international law
=260  \\$6880-03$aBaghdād :$bMaṭbaʻat Shafīq,$c1970.
=300  \\$aonline resource (236 pages)
=336  \\$atext$2rdacontent
=337  \\$acomputer$2rdamedia
=338  \\$aonline resource$2rdacarrier
=500  \\$aAdded t.p: Problem of criminal responsability of individuals under internalional [sic] law : legal study, by Younis J. al-Azzawi.
=500  \\$aOriginally presented as the author's thesis, University of Tennessee, 1967.
=500  \\$aPart of the Arabic Collections Online (ACO) project, contributed by Princeton University Libraries.
=504  \\$aIncludes bibliographical references (pages 225-236).
=533  \\$aElectronic reproduction.$bNew York, N.Y. :$cNew York University,$d2020.$5NNU
=650  \0$aCriminal liability (International law)
=650  \7$aCriminal liability (International law)$2fast$0(OCoLC)fst00883413
=710  2\$aPrinceton University.$bLibrary.
=730  0\$aArabic Collections Online.
=776  08$iOnline version:$aʻAzzāwī, Yūnus.$tMushkilat al-masʼūlīyah al-jināʼīyah al-shakhṣīyah fī al-qānūn al-dawlī.$dBaghdād, Maṭbaʻat Shafīq, 1970$w(OCoLC)702233284
=776  08$iPrint version:$aʻAzzāwī, Yūnus.$tMushkilat al-masʼūlīyah al-jināʼīyah al-shakhṣīyah fī al-qānūn al-dawlī$w(NjP)2759844$w(DLC) 75586953 $w(OCoLC)22680097
=856  40$uhttp://hdl.handle.net/2333.1/gf1vht9n 
=880  1\$6110-01$aعزاوي، يونس.
=880  10$6245-02$aمشكلة المسؤولية الجنائية الشخصية في القانون الدولي :$bدراسة قانونية مقارنة /$c[تأليف] يونس العزاوي.
=880  \\$6260-03$aبغداد :$bمطبعة شفيق،$c1970.
=959  \\$aNNU$bWEB$cGENI$t0$mElectronic access$s01
=999  \\$iNjP_2759844$o(OCoLC)ocm22680097$sprinceton_aco001956$e(ERROR-880)$sprinceton_aco001956

