=LDR  02101nam a2200361Mi 4500
=001  862631
=003  NjP
=006  m\\\\\\\\d\\\\\\\\
=007  cr\cn\|||m|||a
=008  200626s1846\\\\ua\\\\\\o\\\\\000\0\ara\d
=040  \\$aZYU$bara$erda$cZYU
=100  1\$6880-01$aKassāb, Muṣṭafá Ḥasan.
=245  10$6880-02$aQānūn al-ṣaḥḥah /$ctarjamahu min al-lughah al-Faransāwīyah ilá al-lughah al-ʻArabīyah Muḥammad Afandī ʻAbd al-Fattāḥ ; maʻa muṣaḥiḥ masāʼilih wa-munaqqiḥ dalāʼilih Muṣṭafá Ḥasan Kassāb.
=260  \\$6880-03$aBūlāq :$bDār al-Ṭibāʻah al-ʻĀmirah,$c1262 [1846]
=300  \\$aonline resource (16, 262 pages)
=336  \\$atext$2rdacontent
=337  \\$acomputer$2rdamedia
=338  \\$aonline resource$2rdacarrier
=500  \\$aCaption title.
=500  \\$aPart of the Arabic Collections Online (ACO) project, contributed by Princeton University Libraries.
=533  \\$aElectronic reproduction.$bNew York, N.Y. :$cNew York University,$d2020.$5NNU
=650  \0$aHealth.
=650  \7$aHealth.$2fast$0(OCoLC)fst00952743
=710  2\$aPrinceton University.$bLibrary.
=730  0\$aArabic Collections Online.
=776  08$iOnline version:$aKassāb, Muṣṭafá Ḥasan, 18th/19th cent.$tQānūn al-ṣaḥḥah.$dBūlāq : Dār al-Ṭibāʻah al-ʻĀmirah, 1262 [1846]$w(OCoLC)763035202
=776  08$iPrint version:$aKassāb, Muṣṭafá Ḥasan.$tQānūn al-ṣaḥḥah$w(NjP)862631$w(OCoLC)29834551
=856  40$uhttp://hdl.handle.net/2333.1/w6m90ghx 
=880  1\$6100-01$aكساب، مصطفى حسن. 
=880  10$6245-02$aقانون الصحة /$cترجمه من اللغة الفرنساوية الى اللغة العربية محمد افندي عبد الفتاح ؛ مع مصحح مسائل ومنقح دلائل مصطفى حسن كساب.
=880  \\$6260-03$aبولاق :$bدار الطباعة العامرة،$c1262 [1846]
=959  \\$aNNU$bWEB$cGENI$t0$mElectronic access$s01
=999  \\$iNjP_862631$o(OCoLC)ocm29834551$sprinceton_aco004052:$e(ERROR-MISC)$sprinceton_aco004052:

