=LDR  02355nam a2200409Mi 4500
=001  862630
=003  NjP
=006  m\\\\\\\\d\\\\\\\\
=007  cr\cn\|||m|||a
=008  200626s1895\\\\su\\\\\\o\\\\\000\0\ara\d
=040  \\$aZYU$bara$erda$cZYU
=100  1\$6880-01$aKatlānī, Aḥmad ibn Muḥammad.
=240  10$6880-02$aṢayb al-haṭṭāl fī kashf shubah Ibn Kamāl
=245  10$6880-03$aKitāb al-ṣayb al-haṭṭāl fī kashf shubah Ibn Kamāl /$ctaʼlīf Aḥmad ibn Muḥammad al-Katlānī ; qāma bi-ṭabʻih wa-taṣḥīḥih wa-nashrih ʻAbd Allāh al-Khalīfī.
=246  3\$6880-04$aṢayb al-haṭṭāl fī kashf shubah Ibn Kamāl
=260  \\$6880-05$aJaddah :$bMuʼssasat al-Ṭibāʻah wa-al-Ṣiḥāfah wa-al-Nashr,$c1313 [1895]
=300  \\$aonline resource (91 pages)
=336  \\$atext$2rdacontent
=337  \\$acomputer$2rdamedia
=338  \\$aonline resource$2rdacarrier
=500  \\$aPart of the Arabic Collections Online (ACO) project, contributed by Princeton University Libraries.
=533  \\$aElectronic reproduction.$bNew York, N.Y. :$cNew York University,$d2020.$5NNU
=600  10$aIbn Kamāl.
=600  07$aIbn Kamāl.$2fast$0(OCoLC)fst00337114
=700  1\$6880-06$aKhalīfī, ʻAbd Allāh ibn Muḥammad.
=710  2\$aPrinceton University.$bLibrary.
=730  0\$aArabic Collections Online.
=776  08$iPrint version:$aKatlānī, Aḥmad ibn Muḥammad.$tKitāb al-ṣayb al-haṭṭāl fī kashf shubah Ibn Kamāl$w(NjP)862630$w(OCoLC)29834550
=856  40$uhttp://hdl.handle.net/2333.1/fqz61c7r 
=880  1\$6100-01$aكتلاني، احمد بن محمد.
=880  10$6240-02$aصيب الهطال في كشف شبة ابن كمال
=880  10$6245-03$aكتاب الصيب الهطال في كشف شبه ابن كمال /$cتأليف احمد بن محمد الكتلاني ؛ قام بطبعه وتصحيحه ونشره عبد الله الخليفي.
=880  3\$6246-04$aصيب الهطال في كشف شبه ابن كمال
=880  \\$6260-05$aجدة :$bمؤسسة الطباعة والصحافة والنشر،$c1313 [1895]
=880  1\$6700-06$aخليفي، عبد الله بن محمد.
=959  \\$aNNU$bWEB$cGENI$t0$mElectronic access$s01
=999  \\$iNjP_862630$o(OCoLC)ocm29834550$sprinceton_aco002642$e(ERROR-MISC)$sprinceton_aco002642

