=LDR  02383nam a2200385Mi 4500
=001  767759
=003  NjP
=006  m\\\\\\\\d\\\\\\\\
=007  cr\cn\|||m|||a
=008  200626s1907\\\\ua\a\\\\o\\\\\001\0\ara\d
=040  \\$aZYU$bara$erda$cZYU
=100  1\$6880-01$aḤamdī, ʻĪsá.
=240  10$6880-02$aMuʻāyanah wa-al-ʻalālamāt al-tashkhīṣīyah lil-amrāḍ al-bāṭnīyah
=245  10$6880-03$aKitab al-Muʻāyanah wa-al-ʻalālamāt al-tashkhīṣīyah lil-amrāḍ al-bāṭinīyah :$b(wa-huwa yaḥtawī ʻalá 147 shaklan) /$ctaʼlīf ʻIsá Bāshā Ḥamdī.
=260  \\$6880-04$aMiṣr :$bal-Maṭbaʻah al-Amīrīyah,$c1906.
=300  \\$aonline resource (370 pages) :$billustrations
=336  \\$atext$2rdacontent
=337  \\$acomputer$2rdamedia
=338  \\$aonline resource$2rdacarrier
=500  \\$aIncludes indexes.
=500  \\$aPart of the Arabic Collections Online (ACO) project, contributed by Princeton University Libraries.
=533  \\$aElectronic reproduction.$bNew York, N.Y. :$cNew York University,$d2020.$5NNU
=650  \0$aInternal medicine.
=650  \0$aPhysical diagnosis.
=710  2\$aPrinceton University.$bLibrary.
=730  0\$aArabic Collections Online.
=776  08$iOnline version:$aḤamdī, ʻĪsá.$sMuʻāyanah wa-al-ʻalālamāt al-tashkhīṣīyah lil-amrāḍ al-bāṭnīyah.$tKitab al-Muʻāyanah wa-al-ʻalālamāt al-tashkhīṣīyah lil-amrāḍ al-bāṭinīyah.$dMiṣr : al-Maṭbaʻah al-Amīrīyah, 1906$w(OCoLC)656504189
=776  08$iPrint version:$aḤamdī, ʻĪsá.$tKitab al-Muʻāyanah wa-al-ʻalālamāt al-tashkhīṣīyah lil-amrāḍ al-bāṭinīyah$w(NjP)767759$w(OCoLC)27006885
=856  40$uhttp://hdl.handle.net/2333.1/jm63z386 
=880  0\$6100-01$aعيسى باشا حمدي.
=880  10$6240-02$aالمعاينة والعلامات التشخيصية للامراض الباطنية
=880  10$6245-03$aكتاب المعانية والعلامات التشخيصية للامراض الباطنية :$bوهو يحتوي على ١٤٧ شكلا /$cتأليف عيسى باشا حمدي.
=880  \\$6260-04$aمصر :$bالمطبعه الاميرية،$c١٩٠٦.
=959  \\$aNNU$bWEB$cGENI$t0$mElectronic access$s01
=999  \\$iNjP_767759$o(OCoLC)ocm27006885$sprinceton_aco004137:$e(ERROR-MISC)$sprinceton_aco004137:

