=LDR  01766nam a2200349Mi 4500
=001  862637
=003  NjP
=006  m\\\\\\\\d\\\\\\\\
=007  cr\cn\|||m|||a
=008  200626s1885\\\\tu\\\\\\o\\\\\000\0\ara\d
=040  \\$aZYU$bara$erda$cZYU
=100  1\$6880-01$aṢabri, Aḥmad Jam⁻ali Afand⁻i Zadah.
=245  10$6880-02$aḤashiyat l⁻i multaqá /$cṭ⁻abiʻ⁻i wa-n⁻ashir⁻i Aḥmad Jam⁻al⁻i Afand⁻i Z⁻adah Ṣabr⁻i.
=260  \\$6880-03$a[Istanbul] :$bDar Saʻadat,$c1303 [1885 or 1886]
=300  \\$aonline resource (512 pages)
=336  \\$atext$2rdacontent
=337  \\$acomputer$2rdamedia
=338  \\$aonline resource$2rdacarrier
=500  \\$aPart of the Arabic Collections Online (ACO) project, contributed by Princeton University Libraries.
=533  \\$aElectronic reproduction.$bNew York, N.Y. :$cNew York University,$d2020.$5NNU
=600  10$aḤalab⁻i, Ibr⁻ah⁻im Muḥammad,$d-1549 or 1550.$tMultaqá al-abḥur.
=650  \0$aHanafites.
=650  \7$aHanafites.$2fast$0(OCoLC)fst00950818
=710  2\$aPrinceton University.$bLibrary.
=730  0\$aArabic Collections Online.
=776  08$iPrint version:$aṢabri, Aḥmad Jam⁻ali Afand⁻i Zadah.$tḤashiyat l⁻i multaqá$w(NjP)862637$w(OCoLC)29834557
=856  40$uhttp://hdl.handle.net/2333.1/w3r22jrm 
=880  1\$6100-01$aصبرى، احمد جميل افندى زاده.
=880  10$6245-02$aحاشية الملتقى /$cطبع ونشر احمد جميل افندى زاده صبر.
=880  \\$6260-03$a[استنبول] :$bدار سعادت،$c1303 [1885 or 1886]
=959  \\$aNNU$bWEB$cGENI$t0$mElectronic access$s01
=999  \\$iNjP_862637$o(OCoLC)ocm29834557$sprinceton_aco004128:$e(ERROR-MISC)$sprinceton_aco004128:

