=LDR  01597nam a2200373Mi 4500
=001  463095
=003  NjP
=006  m\\\\\\\\d\\\\\\\\
=007  cr\cn\|||m|||a
=008  200626s1959\\\\iq\a\\\\o\\\\\000\0\ara\d
=040  \\$aZYU$bara$erda$cZYU
=043  \\$aa-iq---
=245  00$6880-01$aIn yanṣurkum Allāh fa-lā ghālib la-kum.
=260  \\$a[Baghdad] :$b[publisher not identified],$c[1959?]
=300  \\$aonline resource (34 unnumbered pages) :$billustrations
=336  \\$atext$2rdacontent
=337  \\$acomputer$2rdamedia
=338  \\$aonline resource$2rdacarrier
=500  \\$aCover title.
=500  \\$aPart of the Arabic Collections Online (ACO) project, contributed by Princeton University Libraries.
=533  \\$aElectronic reproduction.$bNew York, N.Y. :$cNew York University,$d2020.$5NNU
=600  10$aQāsim, ʻAbd al-Karīm,$d1914-1963.
=651  \0$aIraq$xHistory$y1958-
=600  17$aQāsim, ʻAbd al-Karīm,$d1914-1963$2fast$0(OCoLC)fst00270698
=651  \7$aIraq.$2fast$0(OCoLC)fst01205757
=648  \7$aSince 1958$2fast
=655  \7$aHistory.$2fast$0(OCoLC)fst01411628
=710  2\$aPrinceton University.$bLibrary.
=730  0\$aArabic Collections Online.
=776  08$iPrint version:$tIn yanṣurkum Allāh fa-lā ghālib la-kum$w(NjP)463095$w(OCoLC)26003904
=856  40$uhttp://hdl.handle.net/2333.1/crjdfxtt 
=880  00$6245-01$aان ينصركم الله فلا غالب لكم.
=959  \\$aNNU$bWEB$cGENI$t0$mElectronic access$s01
=999  \\$iNjP_463095$o(OCoLC)ocm26003904$sprinceton_aco003783:$e(ERROR-880)(ERROR-MISC)$sprinceton_aco003783:

