=LDR  02110nam a2200373Mi 4500
=001  198986
=003  NjP
=006  m\\\\\\\\d\\\\\\\\
=007  cr\cn\|||m|||a
=008  200626m19759999ir\\\\\\o\\\\\000\0\ara\d
=040  \\$aZYU$bara$erda$cZYU
=100  1\$6880-01$aIjtihādī, Muḥammad ʻAlī.
=245  10$6880-02$aNihāyat al-maʼmūl fī sharḥ Kifāyat al-uṣūl /$cli-muʼallifihi Muḥammad ʻAlī al-Ijtihādī.
=260  \\$6880-03$aQum :$bDār al-Nashr,$c1395- [1975-]
=300  \\$aonline resource (volumes)
=336  \\$atext$2rdacontent
=337  \\$acomputer$2rdamedia
=338  \\$aonline resource$2rdacarrier
=500  \\$aTitle page partially vocalized.
=500  \\$a"Al-Juzʼ al-awwal[-al-rābiʻ] min sharḥ al-mujallad al-thānī."
=500  \\$aPart of the Arabic Collections Online (ACO) project, contributed by Princeton University Libraries.
=533  \\$aElectronic reproduction.$bNew York, N.Y. :$cNew York University,$d2020.$5NNU
=600  10$aKhurāsānī, Muḥammad Kāẓim,$d1839 or 1840-1911.$tKifāyat al-uṣūl.
=650  \0$aIslamic law$xInterpretation and construction.
=650  \7$aIslamic law$xInterpretation and construction.$2fast$0(OCoLC)fst00979955
=710  2\$aPrinceton University.$bLibrary.
=730  0\$aArabic Collections Online.
=776  08$iPrint version:$aIjtihādī, Muḥammad ʻAlī.$tNihāyat al-maʼmūl fī sharḥ Kifāyat al-uṣūl$w(NjP)198986$w(OCoLC)82334101
=856  40$uhttp://hdl.handle.net/2333.1/jwstqvfz 
=880  1\$6100-01$aاجتهادي، محمد علي.
=880  10$6245-02$aنهاية المأمول في شرح كفاية الأصول /$cلمؤلفه محمد علي الاجتهادي.
=880  \\$6260-03$aقم :$bدار النشر،$c1395- [1975-]
=959  \\$aNNU$bWEB$cGENI$t0$mElectronic access$s01
=999  \\$iNjP_198986$o(OCoLC)ocm82334101$sprinceton_aco003418:juz 1$sprinceton_aco003419:juz.2$sprinceton_aco003417:juz 3$sprinceton_aco003432:juz 4$e(ERROR-MISC)$sprinceton_aco003418:juz 1$sprinceton_aco003419:juz.2$sprinceton_aco003417:juz 3$sprinceton_aco003432:juz 4

