=LDR  02209nam a2200397Mi 4500
=001  856120
=003  NjP
=006  m\\\\\\\\d\\\\\\\\
=007  cr\cn\|||m|||a
=008  200626s1941\\\\ua\\\\\\o\\\\\000\0\ara\d
=040  \\$aZYU$bara$erda$cZYU
=100  1\$6880-01$aImām, ʻAbd al-Samīʻ Aḥmad.
=245  10$6880-02$aNaẓārāt fī uṣūl al-biyūʻ al-mamnūʻah fī al-sharīʻah al-Islāmīyah wa-mawqif al-qawānīn minhā /$cʻAbd al-Samīʻ Aḥmad Imām.
=250  \\$6880-03$aal-Ṭabʻah 1.
=260  \\$6880-04$aal-Qāhirah :$bDār al-Ṭibāʻah al-Muḥammadīyah,$c[1941?]
=300  \\$aonline resource (151 pages)
=336  \\$atext$2rdacontent
=337  \\$acomputer$2rdamedia
=338  \\$aonline resource$2rdacarrier
=500  \\$a"Wa-hiya naṣṣ al-risālah allatī taqaddama bi-hā ʻAbd al-Samīʻ li-nayl darajat ustādh."
=500  \\$aPart of the Arabic Collections Online (ACO) project, contributed by Princeton University Libraries.
=533  \\$aElectronic reproduction.$bNew York, N.Y. :$cNew York University,$d2020.$5NNU
=650  \0$aIslamic law.
=650  \0$aBusiness$xReligious aspects$xIslam.
=650  \7$aBusiness$xReligious aspects$xIslam.$2fast$0(OCoLC)fst00842366
=650  \7$aIslamic law.$2fast$0(OCoLC)fst00979949
=710  2\$aPrinceton University.$bLibrary.
=730  0\$aArabic Collections Online.
=776  08$iPrint version:$aImām, ʻAbd al-Samīʻ Aḥmad.$tNaẓārāt fī uṣūl al-biyūʻ al-mamnūʻah fī al-sharīʻah al-Islāmīyah wa-mawqif al-qawānīn minhā$w(NjP)856120$w(OCoLC)29685591
=856  40$uhttp://hdl.handle.net/2333.1/c866tb5s 
=880  1\$6100-01$aامام، عبد السميع احمد.
=880  10$6245-02$aنظرات في اصول البيوع الممنوعة في الشريعة الاسلامية وموقف القوانين منها /$cعبد السميع احمد امام.
=880  \\$6250-03$aالطبعة 1. 
=880  \\$6260-04$aالقاهرة :$bدار الطباعة المحمدية،$c[1941؟]
=959  \\$aNNU$bWEB$cGENI$t0$mElectronic access$s01
=999  \\$iNjP_856120$o(OCoLC)ocm29685591$sprinceton_aco003515:$e(ERROR-MISC)$sprinceton_aco003515:

