=LDR  01994nam a2200433Mi 4500
=001  496626
=003  NjP
=006  m\\\\\\\\d\\\\\\\\
=007  cr\cn\|||m|||a
=008  200626m19841988xx\a\\\\o\\\\\000\0\ara\d
=040  \\$aZYU$bara$erda$cZYU
=043  \\$aa-iq---
=100  1\$6880-01$aʻAbbāsī, ʻAbd al-Ḥamīd.
=245  10$6880-02$aṢafaḥāt sawdāʼ min baʻth al-ʻIrāq /$cʻAbd al-Ḥamīd al-ʻAbbāsī.
=250  \\$6880-03$aal-Ṭabʻah 2., mazīdah wa-muṣawwarah.
=260  \\$a[Place of publication not identified] :$b[publisher not identified],$c1984-1988.
=300  \\$aonline resource (2 volumes) :$billustrations
=336  \\$atext$2rdacontent
=337  \\$acomputer$2rdamedia
=338  \\$aonline resource$2rdacarrier
=500  \\$aPart of the Arabic Collections Online (ACO) project, contributed by Princeton University Libraries.
=533  \\$aElectronic reproduction.$bNew York, N.Y. :$cNew York University,$d2020.$5NNU
=650  \0$aPolitical violence$zIraq.
=651  \0$aIraq$xHistory$y1958-
=650  \0$aTorture$zIraq.
=650  \7$aPolitical violence.$2fast$0(OCoLC)fst01069902
=650  \7$aTorture.$2fast$0(OCoLC)fst01152956
=651  \7$aIraq.$2fast$0(OCoLC)fst01205757
=648  \7$aSince 1958$2fast
=655  \7$aHistory.$2fast$0(OCoLC)fst01411628
=710  2\$aPrinceton University.$bLibrary.
=730  0\$aArabic Collections Online.
=776  08$iPrint version:$aʻAbbāsī, ʻAbd al-Ḥamīd.$tṢafaḥāt sawdāʼ min baʻth al-ʻIrāq$w(NjP)496626$w(OCoLC)54462452
=856  40$uhttp://hdl.handle.net/2333.1/kwh712p9 
=880  1\$6100-01$aعباسي، عبد الحميد.
=880  10$6245-02$aصفحات سوداء من بعث العراق /$cعبد الحميد عباسي.
=880  \\$6250-03$aالطبعة ٢.، مزيدة ومصورة.
=959  \\$aNNU$bWEB$cGENI$t0$mElectronic access$s01
=999  \\$iNjP_496626$o(OCoLC)ocm54462452$sprinceton_aco002195$e(ERROR-880)(ERROR-MISC)$sprinceton_aco002195

