=LDR  02080nam a2200397Mi 4500
=001  856677
=003  NjP
=006  m\\\\\\\\d\\\\\\\\
=007  cr\cn\|||m|||a
=008  200626s1965\\\\ir\\\\\\o\\\\\000\0\ara\d
=040  \\$aZYU$bara$erda$cZYU
=100  1\$6880-01$aṬabarsī, al-Faḍl ibn al-Ḥasan,$d-1153.
=245  10$6880-02$aMishkāt al-anwār fī ghurar al-akhbār /$cAbī al-Faḍl ʻAlī al-Ṭabarsī ; qaddama lahu Ṣāliḥ al-Jaʻfarī.
=250  \\$6880-03$aal-Ṭabʻah 2.
=260  \\$6880-04$aQum :$bManshūrāt Dār al-Kutub al-Islāmīyah,$c1965.
=300  \\$aonline resource (334, 41 pages)
=336  \\$atext$2rdacontent
=337  \\$acomputer$2rdamedia
=338  \\$aonline resource$2rdacarrier
=500  \\$aPart of the Arabic Collections Online (ACO) project, contributed by Princeton University Libraries.
=533  \\$aElectronic reproduction.$bNew York, N.Y. :$cNew York University,$d2020.$5NNU
=630  00$aQurʼan.$pSūrat al-nūr, 35$xCriticism, interpretation, etc.
=650  \0$aSufism$xDoctrines$vEarly works to 1800.
=650  \7$aSufism$xDoctrines.$2fast$0(OCoLC)fst01137260
=655  \7$aCriticism, interpretation, etc.$2fast$0(OCoLC)fst01411635
=655  \7$aEarly works.$2fast$0(OCoLC)fst01411636
=710  2\$aPrinceton University.$bLibrary.
=730  0\$aArabic Collections Online.
=776  08$iPrint version:$aṬabarsī, al-Faḍl ibn al-Ḥasan, -1153.$tMishkāt al-anwār fī ghurar al-akhbār$w(NjP)856677$w(OCoLC)29685590
=856  40$uhttp://hdl.handle.net/2333.1/4mw6mkmv 
=880  1\$6100-01$aطبرسي، الفضل بن الحسن،$d-1153.
=880  10$6245-02$aمشكاة الانوار في غرر الاخبار /$cابي الفضل علي الطبرسي ؛ قدم له صالح الجعفري.
=880  \\$6250-03$aالطبعة 2.
=880  \\$6260-04$aقم :$bمنشورات دار الكتب الاسلامية،$c1965.
=959  \\$aNNU$bWEB$cGENI$t0$mElectronic access$s01
=999  \\$iNjP_856677$o(OCoLC)ocm29685590$sprinceton_aco004402:$e(ERROR-MISC)$sprinceton_aco004402:

