=LDR  02316nam a2200433Mi 4500
=001  2790173
=003  NjP
=006  m\\\\\\\\d\\\\\\\\
=007  cr\cn\|||m|||a
=008  200626s1904\\\\mr\a\\\\o\\\\\000\0\ara\d
=040  \\$aZYU$bara$erda$cZYU
=100  1\$6880-01$aGhawth al-Hindī, Muḥammad ibn Khaṭīr al-Dīn,$d-1562 or 1563.
=240  10$6880-02$aJawāhir al-khams
=245  10$6880-03$aKitāb al-Jawāhir al-khams /$ctaʼlīf Muḥammad ibn Khaṭīr al-Dīn ibn Bāyazīd ibn Khawājah al-ʻAṭṭār.
=246  30$6880-04$aJawāhir al-khams
=260  \\$a[Morocco] :$b[publisher not identified],$c1322 [1904]
=300  \\$aonline resource (416 pages) :$billustrations
=336  \\$atext$2rdacontent
=337  \\$acomputer$2rdamedia
=338  \\$aonline resource$2rdacarrier
=500  \\$aPart of the Arabic Collections Online (ACO) project, contributed by Princeton University Libraries.
=533  \\$aElectronic reproduction.$bNew York, N.Y. :$cNew York University,$d2020.$5NNU
=650  \0$aPrayer$xIslam$vEarly works to 1800.
=650  \0$aSufism$vEarly works to 1800.
=650  \7$aPrayer$xIslam.$2fast$0(OCoLC)fst01074698
=650  \7$aSufism.$2fast$0(OCoLC)fst01137257
=655  \7$aEarly works.$2fast$0(OCoLC)fst01411636
=655  \7$aLithographs$zMorocco$y1904.$2gmgpc
=710  2\$aPrinceton University.$bLibrary.
=730  0\$aArabic Collections Online.
=776  08$iOnline version:$aIbn Khaṭīr al-Dīn, Muḥammad, -1562 or 3.$sJawāhir al-khams.$tKitāb al-Jawāhir al-khams.$d[Morocco : s.n.], 1322 [1904]$w(OCoLC)656941869
=776  08$iPrint version:$aGhawth al-Hindī, Muḥammad ibn Khaṭīr al-Dīn, -1562 or 1563.$tKitāb al-Jawāhir al-khams$w(NjP)2790173$w(OCoLC)81181055
=856  40$uhttp://hdl.handle.net/2333.1/1jwsv176 
=880  1\$6100-01$aغوث الهندي، محمد بن خطير الدين،$d-1562 or 1563.
=880  10$6240-02$aجواهر الخمس
=880  10$6245-03$aكتاب الجواهر الخمس /$cتأليف محمد بن خطير الدين بن بايزيد بن خواجة العطار.
=880  30$6246-04$aجواهر الخمس 
=959  \\$aNNU$bWEB$cGENI$t0$mElectronic access$s01
=999  \\$iNjP_2790173$o(OCoLC)ocm81181055$sprinceton_aco004095:$e(ERROR-880)(ERROR-MISC)$sprinceton_aco004095:

