=LDR  01866nam a2200421Mi 4500
=001  845828
=003  NjP
=006  m\\\\\\\\d\\\\\\\\
=007  cr\cn\|||m|||a
=008  200626s1988\\\\ir\\\\\\o\\\\\000\0\ara\d
=040  \\$aZYU$bara$erda$cZYU
=100  1\$6880-01$aNaqawī, ʻAlī Naqī.
=245  13$6880-02$aal-Sibṭān fī mawqifihimā /$cbi-qalam ʻAlī Naqī al-Naqawī.
=250  \\$6880-03$aal-Ṭabʻah 1.
=260  \\$6880-04$aQum, Īrān :$bMaktabat al-Dāwirī,$c1409 [1988 or 1989]
=300  \\$aonline resource (79 pages)
=336  \\$atext$2rdacontent
=337  \\$acomputer$2rdamedia
=338  \\$aonline resource$2rdacarrier
=500  \\$aPart of the Arabic Collections Online (ACO) project, contributed by Princeton University Libraries.
=533  \\$aElectronic reproduction.$bNew York, N.Y. :$cNew York University,$d2020.$5NNU
=650  \0$aShīʻah$xHistory.
=650  \0$aImams (Shiites)
=650  \0$aIslam$xHistory.
=650  \7$aImams (Shiites)$2fast$0(OCoLC)fst00967650
=650  \7$aIslam.$2fast$0(OCoLC)fst00979776
=650  \7$aShīʻah.$2fast$0(OCoLC)fst01117946
=655  \7$aHistory.$2fast$0(OCoLC)fst01411628
=710  2\$aPrinceton University.$bLibrary.
=730  0\$aArabic Collections Online.
=776  08$iPrint version:$aNaqawī, ʻAlī Naqī.$tal-Sibṭān fī mawqifihimā$w(NjP)845828$w(OCoLC)29327802
=856  40$uhttp://hdl.handle.net/2333.1/pk0p2z7f 
=880  1\$6100-01$aنقوي، علي نقي.
=880  12$6245-02$aالسبطان في موقفهما /$cبقلم علي نقي النقوي.
=880  \\$6250-03$aالطبعة 1.
=880  \\$6260-04$aقم، ايران :$bمكتبة الداوري،$c1409 [1988 or 1989]
=959  \\$aNNU$bWEB$cGENI$t0$mElectronic access$s01
=999  \\$iNjP_845828$o(OCoLC)ocm29327802$sprinceton_aco003030$e(ERROR-MISC)$sprinceton_aco003030

