=LDR  02004nam a2200373Mi 4500
=001  397857
=003  NjP
=006  m\\\\\\\\d\\\\\\\\
=007  cr\cn\|||m|||a
=008  200626q19001987ua\\\\\\o\\\\\000\0\ara\d
=040  \\$aZYU$bara$erda$cZYU
=100  1\$6880-01$aʻArīḍah, Anṭūn.
=245  10$6880-02$aRisālat al-sihām al-mufawwaqah ilá qalb manshūr al-tafriqah /$cbi-qalam Urthūdhuksī.
=260  \\$6880-03$aMiṣr :$bMaṭbaʻat al-Akhāʼ bi-al-Khāzandār,$c[19--]
=300  \\$aonline resource (30 pages)
=336  \\$atext$2rdacontent
=337  \\$acomputer$2rdamedia
=338  \\$aonline resource$2rdacarrier
=500  \\$a"Alladhī adhāʻahu ghibṭat al-Baṭrīrak Anṭūn ʻArīḍah ..."
=500  \\$aPart of the Arabic Collections Online (ACO) project, contributed by Princeton University Libraries.
=533  \\$aElectronic reproduction.$bNew York, N.Y. :$cNew York University,$d2020.$5NNU
=650  \0$aMaronites$vSermons.
=650  \7$aMaronites.$2fast$0(OCoLC)fst01010394
=655  \7$aSermons.$2fast$0(OCoLC)fst01423904
=710  2\$aPrinceton University.$bLibrary.
=730  0\$aArabic Collections Online.
=776  08$iOnline version:$aʻArīḍah, Anṭūn.$tRisālat al-sihām al-mufawwaqah ilá qalb manshūr al-tafriqah.$dMiṣr : Maṭbaʻat al-Akhāʼ bi-al-Khāzandār, [19--]$w(OCoLC)780171346
=776  08$iPrint version:$aʻArīḍah, Anṭūn.$tRisālat al-sihām al-mufawwaqah ilá qalb manshūr al-tafriqah$w(NjP)397857$w(OCoLC)77911937
=856  40$uhttp://hdl.handle.net/2333.1/t1g1k6kr 
=880  1\$6100-01$aعريضة، انطون.
=880  10$6245-02$aرسالة السهام المفوقة الى قلب منشور التفرقة /$cبقلم ارثوذكسي.
=880  \\$6260-03$aمصر :$bمطبعة الاخاء بالخازندار،$c[19--]
=959  \\$aNNU$bWEB$cGENI$t0$mElectronic access$s01
=999  \\$iNjP_397857$o(OCoLC)ocm77911937$sprinceton_aco004237:$e(ERROR-MISC)$sprinceton_aco004237:

