=LDR  02287nam a2200397Mi 4500
=001  500975
=003  NjP
=006  m\\\\\\\\d\\\\\\\\
=007  cr\cn\|||m|||a
=008  200626s1986\\\\ir\\\\\\ob\\\\000\0\ara\d
=040  \\$aZYU$bara$erda$cZYU
=100  1\$6880-01$aAnṣārī, Murtaḍá ibn Muḥammad Amīn,$d1799 or 1800-1864.
=245  10$6880-02$aFarāʼid al-uṣūl /$cwa-huwa rasāʼil Murtaḍá al-Anṣārī ; ḥaqqaqahu wa-qaddama la-hu wa-ʻallaqa ʻalayhi ʻAbd Allāh al-Nūrānī.
=260  \\$6880-03$aQum :$bMuʼassasat al-Nashr al-Islāmī al-tābiʻah li-Jamaʻat al-Mudarrisīn,$c[1407] [1986 or 1987]
=300  \\$aonline resource (2 volumes (15, 846 pages))
=336  \\$atext$2rdacontent
=337  \\$acomputer$2rdamedia
=338  \\$aonline resource$2rdacarrier
=500  \\$aTitle page partially vocalized.
=500  \\$a"410."
=500  \\$aPart of the Arabic Collections Online (ACO) project, contributed by Princeton University Libraries.
=504  \\$aIncludes bibliographical references.
=533  \\$aElectronic reproduction.$bNew York, N.Y. :$cNew York University,$d2020.$5NNU
=650  \0$aIslamic law$xInterpretation and construction.
=650  \7$aIslamic law$xInterpretation and construction.$2fast$0(OCoLC)fst00979955
=700  1\$6880-04$aNūrānī, ʻAbd Allāh.
=710  2\$aPrinceton University.$bLibrary.
=730  0\$aArabic Collections Online.
=776  08$iPrint version:$aAnṣārī, Murtaḍá ibn Muḥammad Amīn, 1799 or 1800-1864.$tFarāʼid al-uṣūl$w(NjP)500975$w(OCoLC)22321018
=856  40$uhttp://hdl.handle.net/2333.1/h44j18d4 
=880  1\$6100-01$aانصاري، مرتضى بن محمد امين،$d1799 or 1800-1864.
=880  10$6245-02$aفرائد الأصول /$cوهو رسائل مرتضى الانصاري ؛ حققه وقدم له وعلق عليه عبد الله النوراني.
=880  \\$6260-03$aقم :$bمؤسسة النشر الاسلامي التابعة لجمعة المدرسين،$c[1407] [1986 or 1987]
=880  1\$6700-04$aنوراني، عبد الله.
=959  \\$aNNU$bWEB$cGENI$t0$mElectronic access$s01
=999  \\$iNjP_500975$o(OCoLC)ocm22321018$sprinceton_aco002094$sprinceton_aco002096$e(ERROR-MISC)$sprinceton_aco002094$sprinceton_aco002096

