=LDR  02107nam a2200397Mi 4500
=001  2435231
=003  NjP
=006  m\\\\\\\\d\\\\\\\\
=007  cr\cn\|||m|||a
=008  200626s1937\\\\le\\\\\\o\\\\\000\0\ara\d
=040  \\$aZYU$bara$erda$cZYU
=100  1\$6880-01$aMutanabbī, Abū al-Ṭayyib Aḥmad ibn al-Ḥusayn,$d915 or 916-965.
=245  13$6880-02$aal-Marāthī wa-al-mafākhir wa-al-ḥikam /$cAbū al-Ṭayyib al-Mutanabbī ; dars wa-muntakhabāt bi-qalam Fuʼād Afrām al-Bustānī.
=260  \\$6880-03$aBayrūt :$bal-Maṭbaʻah al-Kāthūlīkīyah,$c1937.
=300  \\$aonline resource (13, 48 pages)
=336  \\$atext$2rdacontent
=337  \\$acomputer$2rdamedia
=338  \\$aonline resource$2rdacarrier
=490  1\$6880-04$aal-Rawāʼiʻ ;$v12
=500  \\$aPart of the Arabic Collections Online (ACO) project, contributed by Princeton University Libraries.
=533  \\$aElectronic reproduction.$bNew York, N.Y. :$cNew York University,$d2020.$5NNU
=650  \0$aArabic poetry.
=700  1\$6880-05$aBustānī, Fuʼād Afrām.
=710  2\$aPrinceton University.$bLibrary.
=730  0\$aArabic Collections Online.
=776  08$iPrint version:$aMutanabbī, Abū al-Ṭayyib Aḥmad ibn al-Ḥusayn, 915 or 916-965.$tal-Marāthī wa-al-mafākhir wa-al-ḥikam$w(NjP)2435231$w(OCoLC)42036103
=830  \0$6880-06$aRawāʼiʻ ;$v12.
=856  40$uhttp://hdl.handle.net/2333.1/h9w0w3sg 
=880  1\$6100-01$aمتنبي، ابو الطيب احمد بن الحسين،$d915 or 916-965.
=880  12$6245-02$aالمراثي والمفاخر والحكم /$cابو الطيب المتنبي ؛ درس ومنتخبات بقلم فؤاد افرام البستاني.
=880  \\$6260-03$aبيروت :$bالمطبعة الكاثوليكية،$c1937.
=880  1\$6490-04$aالروائع ؛$v12
=880  1\$6700-05$aبستاني، فؤاد افرام.
=880  \0$6830-06$aروائع ؛$v12.
=959  \\$aNNU$bWEB$cGENI$t0$mElectronic access$s01
=999  \\$iNjP_2435231$o(OCoLC)ocm42036103$sprinceton_aco004434:$e(ERROR-MISC)$sprinceton_aco004434:

