=LDR  01850nam a2200349Mi 4500
=001  460880
=003  NjP
=006  m\\\\\\\\d\\\\\\\\
=007  cr\cn\|||m|||a
=008  200626m19851991ir\\\\\\oi\\\\000\0\ara\d
=040  \\$aZYU$bara$erda$cZYU
=100  1\$6880-01$aMuṣṭafavī, Javād.
=245  13$6880-02$aal-Hādī ilá alfāẓ uṣūl al-Kāfī /$callafahu wa-naẓẓamahu Jawād al-Muṣṭafawī.
=260  \\$6880-03$a[Meshed] :$bĀstān-i Quds-i Raz̤avī,$c1406-1411 [1985 or 1986-1991]
=300  \\$aonline resource (2 volumes)
=336  \\$atext$2rdacontent
=337  \\$acomputer$2rdamedia
=338  \\$aonline resource$2rdacarrier
=500  \\$aPart of the Arabic Collections Online (ACO) project, contributed by Princeton University Libraries.
=533  \\$aElectronic reproduction.$bNew York, N.Y. :$cNew York University,$d2020.$5NNU
=600  10$aKulaynī, Muḥammad ibn Yaʻqūb,$d-941?$tKāfī$vIndexes.
=630  07$aKāfī (Kulaynī, Muḥammad ibn Yaʻqūb)$2fast$0(OCoLC)fst01371510
=655  \7$aIndexes.$2fast$0(OCoLC)fst01423761
=710  2\$aPrinceton University.$bLibrary.
=730  0\$aArabic Collections Online.
=776  08$iPrint version:$aMuṣṭafavī, Javād.$tal-Hādī ilá alfāẓ uṣūl al-Kāfī$w(NjP)460880$w(OCoLC)26941887
=856  40$uhttp://hdl.handle.net/2333.1/3r228949 
=880  1\$6100-01$aمصطفوي، جواد.
=880  12$6245-02$aالهادي الى الفاظ اصول الكافي /$cالفه ونظمه جواد المصطفوي.
=880  \\$6260-03$a[مشهد] :$bآستان قدس رضوي،$c1406-1411 [1985 or 1986-1991]
=959  \\$aNNU$bWEB$cGENI$t0$mElectronic access$s01
=999  \\$iNjP_460880$o(OCoLC)ocm26941887$sprinceton_aco003205:v. 1$sprinceton_aco003206:v. 2$e(ERROR-MISC)$sprinceton_aco003205:v. 1$sprinceton_aco003206:v. 2

