=LDR  01701nam a2200373Mi 4500
=001  1583002
=003  NjP
=006  m\\\\\\\\d\\\\\\\\
=007  cr\cn\|||m|||a
=008  200626s1959\\\\ir\\\\\\o\\\\\000\0\ara\d
=040  \\$aZYU$bara$erda$cZYU
=100  1\$6880-01$aAnṣārī, Murtaḍá ibn Muḥammad Amīn,$d1799 or 1800-1864.
=245  13$6880-02$aal-Makāsib.
=260  \\$6880-03$aTabrīz :$bMaṭbaʻat al-Iṭṭilāʻāt,$c1375 [i.e. 1378 [1959]]
=300  \\$aonline resource (404 pages)
=336  \\$atext$2rdacontent
=337  \\$acomputer$2rdamedia
=338  \\$aonline resource$2rdacarrier
=500  \\$aPart of the Arabic Collections Online (ACO) project, contributed by Princeton University Libraries.
=533  \\$aElectronic reproduction.$bNew York, N.Y. :$cNew York University,$d2020.$5NNU
=546  \\$aIn Arabic.
=650  \0$aCommercial law (Islamic law)
=650  \0$aShiites.
=650  \7$aCommercial law (Islamic law)$2fast$0(OCoLC)fst00869534
=650  \7$aShiites.$2fast$0(OCoLC)fst01115976
=710  2\$aPrinceton University.$bLibrary.
=730  0\$aArabic Collections Online.
=776  08$iPrint version:$aAnṣārī, Murtaḍá ibn Muḥammad Amīn, 1799 or 1800-1864.$tal-Makāsib$w(NjP)1583002$w(OCoLC)42812626
=856  40$uhttp://hdl.handle.net/2333.1/73n5tmsh 
=880  1\$6100-01$aانصاري، مرتضى بن محمد امين،$d1799 or 1800-1864.
=880  12$6245-02$aالمكاسب.
=880  \\$6260-03$aتبريز :$bمطبعة الاطلاعات،$c1375 [ا.. 1378 [1959]]
=959  \\$aNNU$bWEB$cGENI$t0$mElectronic access$s01
=999  \\$iNjP_1583002$o(OCoLC)ocm42812626$sprinceton_aco002143$e(ERROR-MISC)$sprinceton_aco002143

