=LDR  02760nam a2200481Mi 4500
=001  752377
=003  NjP
=006  m\\\\\\\\d\\\\\\\\
=007  cr\cn\|||m|||a
=008  200626s1990\\\\ir\\\\\\odi\\\000\0\ara\d
=040  \\$aZYU$bara$erda$cZYU
=100  1\$6880-01$aʻAmāyrah, Ismāʻīl Aḥmad.
=245  10$6880-02$aMuʻjam al-adawāt wa-al-ḍamāʼir fī al-Qurʼān al-karīm :$btakmilat al-Muʻjam al-mufahras li-alfāz al-Qurʼān al-karīm /$cwaḍaʻahu Ismāʻīl Aḥmad ʻAmāyrah, ʻAbd al-Ḥamīd Muṣṭafá al-Sayyid.
=246  3\$aMuʻǧam al-adawāt waḍ-ḍamāʼir fil-Qurʼān al-karīm
=246  3\$aDictionary of particles and pronouns in the Holy Qurʼān
=260  \\$6880-03$aQum :$bDār al-Fikr,$c1410 [1990 or 1991]
=300  \\$aonline resource (19, 813 pages)
=336  \\$atext$2rdacontent
=337  \\$acomputer$2rdamedia
=338  \\$aonline resource$2rdacarrier
=500  \\$aTitle on added t.p.: Muʻǧam al-adawāt waḍ-ḍamāʼir fil-Qurʼān al-karīm = (Dictionary of particles and pronouns in the Holy Qurʼān).
=500  \\$aPart of the Arabic Collections Online (ACO) project, contributed by Princeton University Libraries.
=533  \\$aElectronic reproduction.$bNew York, N.Y. :$cNew York University,$d2020.$5NNU
=630  00$aQurʼan$vConcordances.
=630  00$aQurʼan$vIndexes.
=650  \0$aArabic language$xParticles.
=650  \0$aArabic language$xPronoun.
=630  07$aQurʼan.$2fast$0(OCoLC)fst01842877
=650  \7$aArabic language$xParticles.$2fast$0(OCoLC)fst00812395
=650  \7$aArabic language$xPronoun.$2fast$0(OCoLC)fst00812405
=655  \7$aConcordances.$2fast$0(OCoLC)fst01423768
=655  \7$aIndexes.$2fast$0(OCoLC)fst01423761
=700  1\$6880-04$aSayyid, ʻAbd al-Ḥamīd Muṣṭafá.
=710  2\$aPrinceton University.$bLibrary.
=730  0\$aArabic Collections Online.
=776  08$iPrint version:$aʻAmāyrah, Ismāʻīl Aḥmad.$tMuʻjam al-adawāt wa-al-ḍamāʼir fī al-Qurʼān al-karīm$w(NjP)752377$w(OCoLC)26879084
=856  40$uhttp://hdl.handle.net/2333.1/h1893bp2 
=880  1\$6100-01$aعمايرة، اسماعيل احمد.
=880  10$6245-02$aمعجم الادوات والضمائر في القرآن الكريم :$bتكملة المعجم المفهرس لالفاظ القرآن الكريم /$cوضعه اسماعيل احمد عمايرة، عبد الحميد مصطفى السيد.
=880  \\$6260-03$aقم :$bدار الفكر،$c1410 [1990 or 1991]
=880  1\$6700-04$aسيد، عبد الحميد مصطفى.
=959  \\$aNNU$bWEB$cGENI$t0$mElectronic access$s01
=999  \\$iNjP_752377$o(OCoLC)ocm26879084$sprinceton_aco003988:$e(ERROR-880)(ERROR-MISC)$sprinceton_aco003988:

