=LDR  01893nam a2200385Mi 4500
=001  479245
=003  NjP
=006  m\\\\\\\\d\\\\\\\\
=007  cr\cn\|||m|||a
=008  200626q19801988ir\a\\\\ob\\\\000\0bara\d
=040  \\$aZYU$bara$erda$cZYU
=100  1\$6880-01$aHāshimī, ʻAbd Allāh.
=245  10$6880-02$aĀyat Allāh al-Sayyid Ḥasan al-Shīrāzī, fikrah wa-jihād /$cʻAbd Allāh al-Hāshimī.
=260  \\$6880-03$aQum, Īrān :$bDār al-Qurʼān al-Ḥakīm,$c[198-]
=300  \\$aonline resource (567 pages) :$billustrations
=336  \\$atext$2rdacontent
=337  \\$acomputer$2rdamedia
=338  \\$aonline resource$2rdacarrier
=500  \\$aPart of the Arabic Collections Online (ACO) project, contributed by Princeton University Libraries.
=504  \\$aIncludes bibliographical references.
=533  \\$aElectronic reproduction.$bNew York, N.Y. :$cNew York University,$d2020.$5NNU
=600  10$aShīrāzī, Ḥasan.
=650  \0$aShiites$vBiography.
=600  17$aShīrāzī, Ḥasan.$2fast$0(OCoLC)fst00108571
=650  \7$aShiites.$2fast$0(OCoLC)fst01115976
=655  \7$aBiographies.$2fast$0(OCoLC)fst01919896
=710  2\$aPrinceton University.$bLibrary.
=730  0\$aArabic Collections Online.
=776  08$iPrint version:$aHāshimī, ʻAbd Allāh.$tĀyat Allāh al-Sayyid Ḥasan al-Shīrāzī, fikrah wa-jihād$w(NjP)479245$w(OCoLC)26231920
=856  40$uhttp://hdl.handle.net/2333.1/d7wm3jds 
=880  1\$6100-01$aهاشمي، عبد الله. 
=880  10$6245-02$aآية الله السيد حسن الشيرازي، فكرة وجهاد /$cعبد الله الهاشمي.
=880  \\$6260-03$aقم، ايران :$bدار القرآن الحكيم،$c[198-]
=959  \\$aNNU$bWEB$cGENI$t0$mElectronic access$s01
=999  \\$iNjP_479245$o(OCoLC)ocm26231920$sprinceton_aco003937:$e(ERROR-MISC)$sprinceton_aco003937:

