=LDR  01772nam a2200349Mi 4500
=001  1444081
=003  NjP
=006  m\\\\\\\\d\\\\\\\\
=007  cr\cn\|||m|||a
=008  200626s1957\\\\ir\\\\\\o\\\\\000\0\ara\d
=040  \\$aZYU$bara$erda$cZYU
=130  0\$6880-01$aQurʼan.$lPersian & Arabic.
=245  10$6880-02$aQurʼān-i karīm bā tarjumeh va-tafsīr-i fārsī va khavāṣṣ-i suvar va āyāt va tajvīd.
=260  \\$6880-03$aTehran :$bKitābfurūshī-yi ʻilmīye-yi islāmīyeh,$c1377 [1957]
=300  \\$aonline resource (375 pages)
=336  \\$atext$2rdacontent
=337  \\$acomputer$2rdamedia
=338  \\$aonline resource$2rdacarrier
=500  \\$aPart of the Arabic Collections Online (ACO) project, contributed by Princeton University Libraries.
=533  \\$aElectronic reproduction.$bNew York, N.Y. :$cNew York University,$d2020.$5NNU
=650  \0$aQurʼanic recitations.
=650  \0$aQurʼanic recitations, Persian.
=650  \7$aQurʼanic recitations.$2fast$0(OCoLC)fst01861323
=710  2\$aPrinceton University.$bLibrary.
=730  0\$aArabic Collections Online.
=776  08$iPrint version:$tQurʼān-i karīm bā tarjumeh va-tafsīr-i fārsī va khavāṣṣ-i suvar va āyāt va tajvīd$w(NjP)1444081$w(OCoLC)43244258
=856  40$uhttp://hdl.handle.net/2333.1/3j9kdfmk 
=880  0\$6130-01$aقرأن.$lفارسي & عربي.
=880  10$6245-02$aقرآن کرىم با ترجمه وتفسىر فارسى و خواص سور و آىات و تجوىد.
=880  \\$6260-03$aتهران :$bکتابفروشىى علميه اسلاميه،$c1377 [1957]
=959  \\$aNNU$bWEB$cGENI$t0$mElectronic access$s01
=999  \\$iNjP_1444081$o(OCoLC)ocm43244258$sprinceton_aco004385:$e(ERROR-MISC)$sprinceton_aco004385:

