=LDR  01788nam a2200409Mi 4500
=001  858721
=003  NjP
=006  m\\\\\\\\d\\\\\\\\
=007  cr\cn\|||m|||a
=008  200626s18uu\\\\ua\\\\\\o\\\\\000\0\ara\d
=040  \\$aZYU$bara$erda$cZYU
=050  \4$aHF5728.A7$bA7
=100  1\$6880-01$aʻAṭṭār, Ḥasan ibn Muḥammad,$d1776?-1834 or 1835.
=240  10$6880-02$aInshāʼ
=245  10$6880-03$aHādhā Kitāb inshāʼ /$cḤasan al-ʻAṭṭār.
=246  3\$6880-04$aInshāʼ
=260  \\$a[Cairo] :$b[publisher not identified],$c[18--]
=300  \\$aonline resource (126 pages)
=336  \\$atext$2rdacontent
=337  \\$acomputer$2rdamedia
=338  \\$aonline resource$2rdacarrier
=500  \\$aPart of the Arabic Collections Online (ACO) project, contributed by Princeton University Libraries.
=533  \\$aElectronic reproduction.$bNew York, N.Y. :$cNew York University,$d2020.$5NNU
=650  \0$aIslam$xHistory$vEarly works to 1800.
=650  \7$aIslam.$2fast$0(OCoLC)fst00979776
=655  \7$aEarly works.$2fast$0(OCoLC)fst01411636
=655  \7$aHistory.$2fast$0(OCoLC)fst01411628
=710  2\$aPrinceton University.$bLibrary.
=730  0\$aArabic Collections Online.
=776  08$iPrint version:$aʻAṭṭār, Ḥasan ibn Muḥammad, 1776?-1834 or 1835.$tHādhā Kitāb inshāʼ$w(NjP)858721$w(OCoLC)29707267
=856  40$uhttp://hdl.handle.net/2333.1/k98sfjcd 
=880  1\$6100-01$aعطار، حسن بن محمد،$d1776?-1834 or 1835.
=880  10$6240-02$aانشاء
=880  10$6245-03$aهذا كتاب انشاء /$cحسن العطار. 
=880  3\$6246-04$aانشاء
=959  \\$aNNU$bWEB$cGENI$t0$mElectronic access$s01
=999  \\$iNjP_858721$o(OCoLC)ocm29707267$sprinceton_aco004275:$e(ERROR-880)$sprinceton_aco004275:

