=LDR  02352nam a2200409Mi 4500
=001  903448
=003  NjP
=006  m\\\\\\\\d\\\\\\\\
=007  cr\cn\|||m|||a
=008  200626m19769999ir\\\\\\o\\\\\000\0\ara\d
=040  \\$aZYU$bara$erda$cZYU
=100  1\$6880-01$aKaramī, Muḥammad.
=245  13$6880-02$aAl-Hidāyah :$btalkhīṣ Mashfūʻ bi-tawḍīḥ lil-maṭālib al-uṣūlīyah lafẓiyatin wa-ʻamaliyatin min kitāb Kifāyat al-uṣūl lil-muḥaqqiq al-Akhwand al-Khurāsānī /$cbi-qalam Muḥammad al-Karamī.
=246  3\$6880-03$aKifāyat al-uṣūl
=250  \\$6880-04$aAl-Ṭabʻah 1.
=260  \\$6880-05$a[Qum] :$bM. al-Karamī,$c1397- [1976 or 1977-]$e(Qum :$fal-Maṭbaʻah al-ʻIlmīyah)
=300  \\$aonline resource (volumes)
=336  \\$atext$2rdacontent
=337  \\$acomputer$2rdamedia
=338  \\$aonline resource$2rdacarrier
=500  \\$aPart of the Arabic Collections Online (ACO) project, contributed by Princeton University Libraries.
=533  \\$aElectronic reproduction.$bNew York, N.Y. :$cNew York University,$d2020.$5NNU
=650  \0$aIslamic law$xInterpretation and construction.
=650  \7$aIslamic law$xInterpretation and construction.$2fast$0(OCoLC)fst00979955
=700  1\$6880-06$aKhurāsānī, Muḥammad Kāẓim,$d1839 or 1840-1911.$tKifāyat al-uṣūl.
=710  2\$aPrinceton University.$bLibrary.
=730  0\$aArabic Collections Online.
=776  08$iPrint version:$aKaramī, Muḥammad.$tAl-Hidāyah$w(NjP)903448$w(OCoLC)32306768
=856  40$uhttp://hdl.handle.net/2333.1/5mkkwsvs 
=880  1\$6100-01$aكرمي، محمد.
=880  12$6245-02$aالهداية :$bتلخيص مشفوع بتوضيح للمطالب الاصولية لفظيه وعمليه من كتاب كفاية الاصول للمحقق الاخوند الخراساني /$cبقلم محمد الكرمي.
=880  3\$6246-03$aكفاية الاصول
=880  \\$6250-04$aالطبعة 1.
=880  \\$6260-05$a[قم] :$bم. الكرمي،$c1397- [1976 or 1977-]$e(قم :$fالمطبعة العلمية)
=880  1\$6700-06$aخراساني، محمد كاظم،$d1839 or 1840-1911.$tكفاية الاصول.
=959  \\$aNNU$bWEB$cGENI$t0$mElectronic access$s01
=999  \\$iNjP_903448$o(OCoLC)ocm32306768$sprinceton_aco003450:juz1$e(ERROR-MISC)$sprinceton_aco003450:juz1

