=LDR  01809nam a2200409Mi 4500
=001  2786919
=003  NjP
=006  m\\\\\\\\d\\\\\\\\
=007  cr\cn\|||m|||a
=008  200626s1948\\\\le\ab\\\o\\\\\000\0\ara\d
=040  \\$aZYU$bara$erda$cZYU
=043  \\$aa-le---
=100  1\$6880-01$aJamil, Rouhi.
=245  10$6880-02$aBayrūt wa-al-Jumhūrīyah al-Lubnānīyah /$cJamīl Rūḥī.
=260  \\$6880-03$aBayrūt :$bal-Maktabah al-ʻUmūmīyah,$c[1948]
=300  \\$aonline resource (347 pages) :$billustrations, maps
=336  \\$atext$2rdacontent
=337  \\$acomputer$2rdamedia
=338  \\$aonline resource$2rdacarrier
=490  1\$6880-04$aDalīl al-akhḍar
=500  \\$aPart of the Arabic Collections Online (ACO) project, contributed by Princeton University Libraries.
=533  \\$aElectronic reproduction.$bNew York, N.Y. :$cNew York University,$d2020.$5NNU
=651  \0$aLebanon$vGuidebooks.
=651  \7$aLebanon.$2fast$0(OCoLC)fst01206063
=655  \7$aGuidebooks.$2fast$0(OCoLC)fst01423871
=710  2\$aPrinceton University.$bLibrary.
=730  0\$aArabic Collections Online.
=776  08$iPrint version:$aJamil, Rouhi.$tBayrūt wa-al-Jumhūrīyah al-Lubnānīyah$w(NjP)2786919$w(OCoLC)42839264
=830  \0$6880-05$aDalīl al-akhḍar.
=856  40$uhttp://hdl.handle.net/2333.1/dncjt78k 
=880  1\$6100-01$aجميل، روحي.
=880  10$6245-02$aبيروت والجمهورية اللبنانية /$cجميل روحي.
=880  \\$6260-03$aبيروت :$bالمكتبة العمومية،$c[1948]
=880  1\$6490-04$aدليل الاخضر
=880  \0$6830-05$aدليل الاخضر.
=959  \\$aNNU$bWEB$cGENI$t0$mElectronic access$s01
=999  \\$iNjP_2786919$o(OCoLC)ocm42839264$sprinceton_aco004291:$e(ERROR-MISC)$sprinceton_aco004291:

