=LDR  02007nam a2200373Mi 4500
=001  501013
=003  NjP
=006  m\\\\\\\\d\\\\\\\\
=007  cr\cn\|||m|||a
=008  200626s1978\\\\ir\\\\\\o\\\\\000\0\ara\d
=040  \\$aZYU$bara$erda$cZYU
=100  1\$6880-01$aFarīd al-Gulpāyigānī, Ḥasan.
=245  10$6880-02$aBayyināt al-farīd, sharḥ tafsīr al-Nuʻmānī /$ctaʼlīf Ḥasan al-Farīd al-Gulpāyigānī.
=260  \\$6880-03$a[Iran] :$b[publisher not identified],$c1399 [1978 or 1979]$e([Iran] :$fUfsit Marwī)
=300  \\$aonline resource (342 pages)
=336  \\$atext$2rdacontent
=337  \\$acomputer$2rdamedia
=338  \\$aonline resource$2rdacarrier
=500  \\$aPart of the Arabic Collections Online (ACO) project, contributed by Princeton University Libraries.
=533  \\$aElectronic reproduction.$bNew York, N.Y. :$cNew York University,$d2020.$5NNU
=600  10$aIbn Abī Zaynab, Muḥammad ibn Ibrāhīm,$dactive 9th century.
=630  00$aQurʼan$vCommentaries.
=600  17$aIbn Abī Zaynab, Muḥammad ibn Ibrāhīm,$dactive 9th century.$2fast$0(OCoLC)fst01825332
=630  07$aQurʼan.$2fast$0(OCoLC)fst01842877
=655  \7$aCommentaries.$2fast$0(OCoLC)fst01423723
=710  2\$aPrinceton University.$bLibrary.
=730  0\$aArabic Collections Online.
=776  08$iPrint version:$aFarīd al-Gulpāyigānī, Ḥasan.$tBayyināt al-farīd, sharḥ tafsīr al-Nuʻmānī$w(NjP)501013$w(OCoLC)26601052
=856  40$uhttp://hdl.handle.net/2333.1/qnk9937w 
=880  1\$6100-01$aفرىد الگلپاىگانى، حسن.
=880  10$6245-02$aبينات الفريد، شرح تفسير النعماني /$cتأليف حسن الفريد الگلپايگاني. 
=880  \\$6260-03$a[Iran] :$b[publisher not identified],$c1399 [1978 or 1979]$e([Iran] :$fافست مروى)
=959  \\$aNNU$bWEB$cGENI$t0$mElectronic access$s01
=999  \\$iNjP_501013$o(OCoLC)ocm26601052$sprinceton_aco003927:$e(ERROR-MISC)$sprinceton_aco003927:

