=LDR  02517nam a2200493Mi 4500
=001  2910568
=003  NjP
=006  m\\\\\\\\d\\\\\\\\
=007  cr\cn\|||m|||a
=008  200626s1966\\\\iq\b\\\\ob\\\\000\0\ara\d
=040  \\$aZYU$bara$erda$cZYU
=043  \\$aa-aj---
=050  \4$aDK697.1$b.A95 1966
=100  1\$6880-01$aʻAzīz, Ḥusayn Qāsim.
=245  13$6880-02$aal-Bābakīyah :$baw intifāḍat al-shaʻb al-Adharbījānī ḍidd al-Khilāfah al-ʻAbbāsīyah /$cḤusayn Qāsim al-ʻAzīz.
=246  3\$aBabekity -- vosstamie azerbaĭdzhanskogo naroda protiv abbasidskogo khalifata
=260  \\$6880-03$aBaghdād :$bMaktabat al-Nahḍah,$c1966.
=300  \\$aonline resource (349 pages) :$bcolor maps (some folded)
=336  \\$atext$2rdacontent
=337  \\$acomputer$2rdamedia
=338  \\$aonline resource$2rdacarrier
=500  \\$aIn Arabic.
=500  \\$aAdded t.p.: Babekity -- vosstanie azerbaĭdzhanskogo naroda protiv abbasidskogo khalifata.
=500  \\$aRisālah li-nayl al-duktūrāh min Jāmiʻat Mūskū, ʻām 1966.
=500  \\$aPart of the Arabic Collections Online (ACO) project, contributed by Princeton University Libraries.
=504  \\$aIncludes bibliographical references (pages 322-342).
=533  \\$aElectronic reproduction.$bNew York, N.Y. :$cNew York University,$d2020.$5NNU
=600  00$aBābak Khurramʹdīn,$d-838.
=651  \0$aAzerbaijan$xHistory.
=650  \0$aAbbasids.
=600  07$aBābak Khurramʹdīn,$d-838$2fast$0(OCoLC)fst01806086
=650  \7$aAbbasids.$2fast$0(OCoLC)fst00794211
=651  \7$aAzerbaijan.$2fast$0(OCoLC)fst01260665
=655  \7$aHistory.$2fast$0(OCoLC)fst01411628
=710  2\$aPrinceton University.$bLibrary.
=730  0\$aArabic Collections Online.
=776  08$iOnline version:$aʻAzīz, Ḥusayn Qāsim.$tBābakīyah.$dBaghdād : Maktabat al-Nahḍah, 1966$w(OCoLC)609468485
=776  08$iPrint version:$aʻAzīz, Ḥusayn Qāsim.$tal-Bābakīyah$w(NjP)2910568$w(OCoLC)17213280
=856  40$uhttp://hdl.handle.net/2333.1/gxd25dxq 
=880  1\$6100-01$aعزيز، حسين قاسم.
=880  12$6245-02$aالبابكية :$bاو انتفاضة الشعب الاذربيجاني ضد الخلافة العباسية /$cحسين قاسم العزيز.
=880  \\$6260-03$aبغداد :$bمكتبة النهضة،$c1966.
=959  \\$aNNU$bWEB$cGENI$t0$mElectronic access$s01
=999  \\$iNjP_2910568$o(OCoLC)ocm17213280$sprinceton_aco003780:$e(ERROR-880)$sprinceton_aco003780:

