=LDR  03364nam a2200433Mi 4500
=001  2839083
=003  NjP
=006  m\\\\\\\\d\\\\\\\\
=007  cr\cn\|||m|||a
=008  200626s1897\\\\mr\\\\\\o\\\\\000\0\ara\d
=040  \\$aZYU$bara$erda$cZYU
=100  0\$6880-01$aAḥmad ibn al-Khayyāṭ.
=240  10$6880-02$aḤāshiyah ʻalá Sharḥ al-Būrī ʻalá Urjūzat Ibn Kīrān
=245  10$6880-03$aHādhihi Ḥāshiyat sayyidinā al-sharīf al-ʻallāmah al-muḥaqqiq al-mushārik Abī al-ʻAbbās Sayyidī Aḥmad ibn al-Khayyāṭ al-Ḥasanī ʻalá Sharḥ al-Imām al-Shaykh al-ʻallāmah Sayyidī al-Tihāmī al-Būrī al-Filālī al-Sijilmāsī ʻalá Urjūzat Muḥammad al-Ṭayyib ibn Kīrān.
=246  30$6880-04$aḤāshiyat Aḥmad ibn al-Khayyāṭ al-Ḥasanī ʻalá Sharḥ al-Tihāmī al-Būrī al-Filālī al-Sijilmāsī ʻalá Urjūzat Muḥammad al-Ṭayyib ibn Kīrān
=260  \\$6880-05$a[Morocco] :$bal-ʻArabī al-Azraq,$c1314 [1897]
=300  \\$aonline resource (1 volume (various pagings))
=336  \\$atext$2rdacontent
=337  \\$acomputer$2rdamedia
=338  \\$aonline resource$2rdacarrier
=500  \\$aPart of the Arabic Collections Online (ACO) project, contributed by Princeton University Libraries.
=533  \\$aElectronic reproduction.$bNew York, N.Y. :$cNew York University,$d2020.$5NNU
=600  10$aBūrī, Muḥammad al-Tihāmī,$d-1827.$tSharḥ ʻalá Urjūzat Ibn Kīrān.
=600  10$aIbn Kīrān, Muḥammad al-Ṭayyib ibn ʻAbd al-Majīd,$d1758 or 1759-1812 or 1813.$tUrjūzah.
=650  \0$aArabic language$xRhetoric$vEarly works to 1800.
=650  \7$aArabic language$xRhetoric.$2fast$0(OCoLC)fst00812415
=655  \7$aLithographs$zMorocco$y1897.$2gmgpc
=655  \7$aEarly works.$2fast$0(OCoLC)fst01411636
=710  2\$aPrinceton University.$bLibrary.
=730  0\$aArabic Collections Online.
=776  08$iPrint version:$aAḥmad ibn al-Khayyāṭ.$tHādhihi Ḥāshiyat sayyidinā al-sharīf al-ʻallāmah al-muḥaqqiq al-mushārik Abī al-ʻAbbās Sayyidī Aḥmad ibn al-Khayyāṭ al-Ḥasanī ʻalá Sharḥ al-Imām al-Shaykh al-ʻallāmah Sayyidī al-Tihāmī al-Būrī al-Filālī al-Sijilmāsī ʻalá Urjūzat Muḥammad al-Ṭayyib ibn Kīrān$w(NjP)2839083$w(OCoLC)79761394
=856  40$uhttp://hdl.handle.net/2333.1/mkkwhhqw 
=880  0\$6100-01$aاحمد بن الخياط.
=880  10$6240-02$aحاشية على شرح البوري على ارجوزة ابن كيران
=880  10$6245-03$aهذه حاشية سيدنا الشريف العلامة المحقق المشارك ابي العباس سيدي احمد بن الخياط الحسني على شرح الامام الشيخ العلامة سيدي التهامي البوري الفلالي السجلماسي على ارجوزة محمد الطيب بن كيران.
=880  30$6246-04$aحاشية احمد بن الخياط الحسني على شرح التهامي البوري الفلالي السجلماسي على ارجوزة محمد الطيب بن كيران
=880  \\$6260-05$a[مغرب] :$bالعربي الازرق،$c1314 [1897]
=959  \\$aNNU$bWEB$cGENI$t0$mElectronic access$s01
=999  \\$iNjP_2839083$o(OCoLC)ocm79761394$sprinceton_aco003877:$e(ERROR-MISC)$sprinceton_aco003877:

