=LDR  01659nam a2200385Mi 4500
=001  2787927
=003  NjP
=006  m\\\\\\\\d\\\\\\\\
=007  cr\cn\|||m|||a
=008  200626s1967\\\\iq\\\\\\o\\\\\000\0\ara\d
=040  \\$aZYU$bara$erda$cZYU
=100  1\$6880-01$aKamāl, ʻAlī.
=245  13$6880-02$aal-Nafs :$binfiʻilātuhea wa-amrāḍuhā wa-ʻilājuhā.
=250  \\$6880-03$aal-Ṭabʻah 1.
=260  \\$6880-04$aBaghdād :$b[publisher not identified],$c1967.
=300  \\$aonline resource (469 pages)
=336  \\$atext$2rdacontent
=337  \\$acomputer$2rdamedia
=338  \\$aonline resource$2rdacarrier
=500  \\$aPart of the Arabic Collections Online (ACO) project, contributed by Princeton University Libraries.
=533  \\$aElectronic reproduction.$bNew York, N.Y. :$cNew York University,$d2020.$5NNU
=650  \0$aMental illness.
=650  \0$aPsychology, Pathological.
=650  \7$aMental illness.$2fast$0(OCoLC)fst01016547
=650  \7$aPsychology, Pathological.$2fast$0(OCoLC)fst01081609
=710  2\$aPrinceton University.$bLibrary.
=730  0\$aArabic Collections Online.
=776  08$iPrint version:$aKamāl, ʻAlī.$tal-Nafs$w(NjP)2787927$w(OCoLC)42862672
=856  40$uhttp://hdl.handle.net/2333.1/r2280s3p 
=880  1\$6100-01$aكمال، علي.
=880  12$6245-02$aالنفس :$bانفعلاتها وامراضها وعلاجها.
=880  \\$6250-03$aالطبعة 1.
=880  \\$6260-04$aبغداد :$b[publisher not identified]،$c1967.
=959  \\$aNNU$bWEB$cGENI$t0$mElectronic access$s01
=999  \\$iNjP_2787927$o(OCoLC)ocm42862672$sprinceton_aco002579$e(ERROR-MISC)$sprinceton_aco002579

