=LDR  03223nam a2200481Mi 4500
=001  2841331
=003  NjP
=006  m\\\\\\\\d\\\\\\\\
=007  cr\cn\|||m|||a
=008  200626m18689999mr\\\\\\o\\\\\000\0\ara\d
=040  \\$aZYU$bara$erda$cZYU
=100  1\$6880-01$aKharshī, Muḥammad ibn ʻAbd Allāh,$d1601 or 1602-1689 or 1690.
=240  10$6880-02$aSharḥ al-Khirshī ʻalá Mukhtaṣar Khalīl
=245  13$6880-03$aal-Juzʼ al-awwal[-al-suds al-thānī] min Sharḥ al-ʻallāmah Sayyidī Muḥammad al-Khirshī ʻalá Mukhtaṣar al-Shaykh al-Imām Abī al-Ḍiyāʼ Khalīl ibn Isḥāq ibn Yaʻqūb al-Mālikī.
=246  30$6880-04$aSharḥ al-ʻallāmah Sayyidī Muḥammad al-Khirshī ʻalá Mukhtaṣar al-Shaykh al-Imām ... Abī al-Ḍiyāʼ Khalīl ibn Isḥāq ibn Yaʻqūb al-Mālikī
=246  30$6880-05$aSharḥ al-Khirshī ʻalá Mukhtaṣar Khalīl
=260  \\$6880-06$aFās :$bal-Maṭbaʻah al-ʻĀmirah,$c1285- [1868-]
=300  \\$aonline resource (volumes)
=336  \\$atext$2rdacontent
=337  \\$acomputer$2rdamedia
=338  \\$aonline resource$2rdacarrier
=500  \\$aPart of the Arabic Collections Online (ACO) project, contributed by Princeton University Libraries.
=533  \\$aElectronic reproduction.$bNew York, N.Y. :$cNew York University,$d2020.$5NNU
=600  00$aKhalīl ibn Isḥāq al-Jundī,$d-1365?$tMukhtaṣar.
=650  \0$aIslamic law$vEarly works to 1800.
=650  \0$aMalikites$vEarly works to 1800.
=630  07$aMukhtaṣar (Khalīl ibn Isḥāq al-Jundī)$2fast$0(OCoLC)fst01363458
=650  \7$aIslamic law.$2fast$0(OCoLC)fst00979949
=650  \7$aMalikites.$2fast$0(OCoLC)fst01006724
=655  \7$aEarly works.$2fast$0(OCoLC)fst01411636
=655  \7$aLithographs$zMorocco$y1868.$2gmgpc
=710  2\$aPrinceton University.$bLibrary.
=730  0\$aArabic Collections Online.
=776  08$iPrint version:$aKharshī, Muḥammad ibn ʻAbd Allāh, 1601 or 1602-1689 or 1690.$tal-Juzʼ al-awwal[-al-suds al-thānī] min Sharḥ al-ʻallāmah Sayyidī Muḥammad al-Khirshī ʻalá Mukhtaṣar al-Shaykh al-Imām Abī al-Ḍiyāʼ Khalīl ibn Isḥāq ibn Yaʻqūb al-Mālikī$w(NjP)2841331$w(OCoLC)78313937
=856  40$uhttp://hdl.handle.net/2333.1/vhhmh1dm 
=880  1\$6100-01$aخرشي، محمد بن عبد الله،$d1601 or 1602-1689 or 1690.
=880  10$6240-02$aشرح الخرشي على مختصر خليل 
=880  12$6245-03$aالجزء الاول[السدس الثاني] من شرح العلامة سيدي محمد الخرشي على مختصر الشيخ الامام ابي الضياء خليل بن اسحاق بن يعقوب المالي.
=880  30$6246-04$aشرح العلامة سيدي محمد الخرشي على مختصر الشيخ الامام ... ابي الضياء خليل بن اسحاق بن يعقوب المالي
=880  30$6246-05$aشرح الخرشي على مختصر خليل
=880  \\$6260-06$aفاس :$bالمطبعة العامرة،$c1285 [1868]
=959  \\$aNNU$bWEB$cGENI$t0$mElectronic access$s01
=999  \\$iNjP_2841331$o(OCoLC)ocm78313937$sprinceton_aco003989:juz 2$e(ERROR-MISC)$sprinceton_aco003989:juz 2

