=LDR  01581nam a2200373Mi 4500
=001  2788706
=003  NjP
=006  m\\\\\\\\d\\\\\\\\
=007  cr\cn\|||m|||a
=008  200626q19541955iq\\\\\\o\\\\\000\0\ara\d
=040  \\$aZYU$bara$erda$cZYU
=050  \4$aHQ1170$b.N3 1954
=100  1\$6880-01$aNaqdī, Jaʻfar ibn Muḥammad,$d1886-1950.
=245  13$6880-02$aal-Islām wa-al-marʼah.
=250  \\$a2d ed.
=260  \\$6880-03$aal-Najaf :$bMaṭbaʻat al-Gharrā,$c1374 [1954/55]
=300  \\$aonline resource (83 pages)
=336  \\$atext$2rdacontent
=337  \\$acomputer$2rdamedia
=338  \\$aonline resource$2rdacarrier
=500  \\$aPart of the Arabic Collections Online (ACO) project, contributed by Princeton University Libraries.
=533  \\$aElectronic reproduction.$bNew York, N.Y. :$cNew York University,$d2020.$5NNU
=546  \\$aIn Arabic.
=650  \0$aMuslim women.
=650  \7$aMuslim women.$2fast$0(OCoLC)fst01030996
=710  2\$aPrinceton University.$bLibrary.
=730  0\$aArabic Collections Online.
=776  08$iPrint version:$aNaqdī, Jaʻfar ibn Muḥammad, 1886-1950.$tal-Islām wa-al-marʼah$w(NjP)2788706$w(OCoLC)42892514
=856  40$uhttp://hdl.handle.net/2333.1/v15dvdsf 
=880  1\$6100-01$aنقدي، جعفر بن محمد،$d1886-1950.
=880  12$6245-02$aالاسلام والمرأة.
=880  \\$6260-03$aالنجف :$bمطبعة الغرى،$c1374 [1954/55]
=959  \\$aNNU$bWEB$cGENI$t0$mElectronic access$s01
=999  \\$iNjP_2788706$o(OCoLC)ocm42892514$sprinceton_aco003260$e(ERROR-880)$sprinceton_aco003260

