=LDR  01457nam a2200337Mi 4500
=001  2770441
=003  NjP
=006  m\\\\\\\\d\\\\\\\\
=007  cr\cn\|||m|||a
=008  200626s1953\\\\le\\\\\\o\\\\\000\0\ara\d
=040  \\$aZYU$bara$erda$cZYU
=100  1\$6880-01$aAbū Saʻd, Aḥmad.
=245  10$6880-02$aQaṣāʼid dāfiʼah /$ctaʼlīf Aḥmad Abū Saʻd.
=260  \\$6880-03$aBayrūt :$bUsrat al-Jabal al-Mulham,$c1953.
=300  \\$aonline resource (132 pages)
=336  \\$atext$2rdacontent
=337  \\$acomputer$2rdamedia
=338  \\$aonline resource$2rdacarrier
=500  \\$aPoems.
=500  \\$aPart of the Arabic Collections Online (ACO) project, contributed by Princeton University Libraries.
=533  \\$aElectronic reproduction.$bNew York, N.Y. :$cNew York University,$d2020.$5NNU
=655  \7$aPoetry.$2lcgft
=710  2\$aPrinceton University.$bLibrary.
=730  0\$aArabic Collections Online.
=776  08$iPrint version:$aAbū Saʻd, Aḥmad.$tQaṣāʼid dāfiʼah$w(NjP)2770441$w(OCoLC)33996138
=856  40$uhttp://hdl.handle.net/2333.1/j3tx9gn0 
=880  1\$6100-01$aابو سعد، احمد.
=880  10$6245-02$aقصائد دافئة /$cتأليف احمد ابو سعد.
=880  \\$6260-03$aبيروت :$bأسرة الجبل الملهم،$c1953.
=959  \\$aNNU$bWEB$cGENI$t0$mElectronic access$s01
=999  \\$iNjP_2770441$o(OCoLC)ocm33996138$sprinceton_aco004293:$e(ERROR-MISC)$sprinceton_aco004293:

