=LDR  02147nam a2200397Mi 4500
=001  375604
=003  NjP
=006  m\\\\\\\\d\\\\\\\\
=007  cr\cn\|||m|||a
=008  200626s1956\\\\iq\af\\\o\\\\\000\0\ara\d
=040  \\$aZYU$bara$erda$cZYU
=043  \\$aa-iq---
=100  1\$6880-01$aKhalīlī, Jaʻfar.
=245  13$6880-02$aal-Tumūr qadīman wa-ḥadīthan :$bbaḥth shāmil ʻan al-nakhīl wa-al-tumūr al-ʻIrāqīyah min awwal nashʼatihā ilá ākhir marāḥil istihlākihā /$ctaʼlīf Jaʻfar al-Khalīlī.
=260  \\$6880-03$aBaghdād :$bMaṭbaʻat al-Maʻārif,$c1956.
=300  \\$aonline resource (515 pages, [5] folded pages of plates)
=336  \\$atext$2rdacontent
=337  \\$acomputer$2rdamedia
=338  \\$aonline resource$2rdacarrier
=500  \\$aPart of the Arabic Collections Online (ACO) project, contributed by Princeton University Libraries.
=533  \\$aElectronic reproduction.$bNew York, N.Y. :$cNew York University,$d2020.$5NNU
=650  \0$aDates (Fruit)$zIraq.
=650  \0$aDate palm$zIraq.
=650  \7$aDate palm.$2fast$0(OCoLC)fst00888080
=650  \7$aDates (Fruit)$2fast$0(OCoLC)fst01430161
=651  \7$aIraq.$2fast$0(OCoLC)fst01205757
=710  2\$aPrinceton University.$bLibrary.
=730  0\$aArabic Collections Online.
=776  08$iOnline version:$aKhalīlī, Jaʻfar.$tTumūr qadīman wa-ḥadīthan.$dBaghdād : Maṭbaʻat al-Maʻārif, 1956$w(OCoLC)755263161
=776  08$iPrint version:$aKhalīlī, Jaʻfar.$tal-Tumūr qadīman wa-ḥadīthan$w(NjP)375604$w(OCoLC)56015247
=856  40$uhttp://hdl.handle.net/2333.1/1rn8pvmk 
=880  1\$6100-01$aخليلي، جعفر.
=880  12$6245-02$aالتمور قديما وحديثا :$bبحث شامل عن النخيل والتمور العراقية من أول نشأتها الى آخر مراحل استهلاكها /$cتاليف جعفر الخليلي.
=880  \\$6260-03$aبغداد :$bمطبعة المعارف،$c١٩٥٦.
=959  \\$aNNU$bWEB$cGENI$t0$mElectronic access$s01
=999  \\$iNjP_375604$o(OCoLC)ocm56015247$sprinceton_aco004118:$e(ERROR-MISC)$sprinceton_aco004118:

