=LDR  01781nam a2200385Mi 4500
=001  608909
=003  NjP
=006  m\\\\\\\\d\\\\\\\\
=007  cr\cn\|||m|||a
=008  200626s1951\\\\ly\\\\\\o\\\\\000\0\ara\d
=040  \\$aZYU$bara$erda$cZYU
=043  \\$af-ly---
=245  00$6880-01$aDustūr al-Mamlakah al-Lībīyah al-Muttaḥidah /$cal-Jamʻīyah al-Waṭanīyah al-Lībīyah.
=250  \\$6880-02$aṬabʻah khāṣṣah.
=260  \\$6880-03$aBinghāzī :$bMajlis al-Ummah,$c1951.
=300  \\$aonline resource (55 pages)
=336  \\$atext$2rdacontent
=337  \\$acomputer$2rdamedia
=338  \\$aonline resource$2rdacarrier
=500  \\$aPart of the Arabic Collections Online (ACO) project, contributed by Princeton University Libraries.
=533  \\$aElectronic reproduction.$bNew York, N.Y. :$cNew York University,$d2020.$5NNU
=651  \0$aLibya$xLaw and legislation.
=650  \7$aLegislation.$2fast$0(OCoLC)fst00995636
=651  \7$aLibya.$2fast$0(OCoLC)fst01205534
=710  2\$6880-04$aJamʻīyah al-Waṭanīyah al-Lībīyah.
=710  2\$aPrinceton University.$bLibrary.
=730  0\$aArabic Collections Online.
=776  08$iPrint version:$tDustūr al-Mamlakah al-Lībīyah al-Muttaḥidah$w(NjP)608909$w(OCoLC)84134406
=856  40$uhttp://hdl.handle.net/2333.1/v6wwq87h 
=880  00$6245-01$aدستور المملكة الليبية المتحدة /$cالجمعية الوطنية الليبية.
=880  \\$6250-02$aطبعة خاصة.
=880  \\$6260-03$aبنغازي :$bمجلس الامة،$c1951.
=880  2\$6710-04$aجمعية الوطنية الليبية.
=959  \\$aNNU$bWEB$cGENI$t0$mElectronic access$s01
=999  \\$iNjP_608909$o(OCoLC)ocm84134406$sprinceton_aco004000:$e(ERROR-MISC)$sprinceton_aco004000:

