=LDR  01907nam a2200373Mi 4500
=001  860887
=003  NjP
=006  m\\\\\\\\d\\\\\\\\
=007  cr\cn\|||m|||a
=008  200626s1909\\\\sy\a\\\\o\\\\\000\0\ara\d
=040  \\$aZYU$bara$erda$cZYU
=043  \\$an-us-ak
=100  1\$6880-01$aMarʻī, Jibrāʼīl ʻAssāf.
=245  10$6880-02$aAlaskā wa-Klundīk :$bbilād al-dhahab /$ctaʼlīf Jibrāʼīl ʻAssāf Marʻī.
=260  \\$6880-03$aṬarābulus al-Shām :$bMaṭbaʻat al-Ḥaḍārah,$c1909.
=300  \\$aonline resource (228 pages) :$billustrations
=336  \\$atext$2rdacontent
=337  \\$acomputer$2rdamedia
=338  \\$aonline resource$2rdacarrier
=500  \\$aPart of the Arabic Collections Online (ACO) project, contributed by Princeton University Libraries.
=533  \\$aElectronic reproduction.$bNew York, N.Y. :$cNew York University,$d2020.$5NNU
=650  \0$aGold mines and mining$zAlaska.
=650  \7$aGold mines and mining.$2fast$0(OCoLC)fst00944469
=651  \7$aAlaska.$2fast$0(OCoLC)fst01204480
=710  2\$aPrinceton University.$bLibrary.
=730  0\$aArabic Collections Online.
=776  08$iOnline version:$aMarʻī, Jibrāʼīl ʻAssāf.$tAlaskā wa-Klundīk.$dṬarābulus al-Shām : Maṭbaʻat al-Ḥaḍārah, 1909$w(OCoLC)657036369
=776  08$iPrint version:$aMarʻī, Jibrāʼīl ʻAssāf.$tAlaskā wa-Klundīk$w(NjP)860887$w(OCoLC)29782178
=856  40$uhttp://hdl.handle.net/2333.1/k3j9kpvs 
=880  1\$6100-01$aمرعي، جبرائيل عساف.
=880  10$6245-02$aالاسكا وكلونديك :$bبلاد الذهب /$cتأليف جبرائيل عساف مرعي.
=880  \\$6260-03$aطرابلس الشام :$bمطبعة الحضارة،$c1909.
=959  \\$aNNU$bWEB$cGENI$t0$mElectronic access$s01
=999  \\$iNjP_860887$o(OCoLC)ocm29782178$sprinceton_aco004178:$e(ERROR-MISC)$sprinceton_aco004178:

