=LDR  02270nam a2200469Mi 4500
=001  1636172
=003  NjP
=006  m\\\\\\\\d\\\\\\\\
=007  cr\cn\|||m|||a
=008  200626s1963\\\\iq\ch\\\ob\\\\000\0\ara\d
=040  \\$aZYU$bara$erda$cZYU
=043  \\$aa-iq---
=050  04$aDS79$b.F36 (Orien Arab)
=100  1\$6880-01$aFayyāḍ, ʻAbd Allāh.
=245  13$6880-02$aal-Thawrah al-ʻIrāqīyah al-kubrá sanat 1920 /$ctaʼlīf ʻAbd Allāh al-Fayyāḍ.
=246  3\$aIraqi revolution of 1920
=250  \\$6880-03$aal-Ṭabʻah 1.
=260  \\$6880-04$aBaghdād :$bMaṭbaʻat al-Irshād,$c1963.
=300  \\$aonline resource (4, 390 pages) :$bfacsimiles, portrait
=336  \\$atext$2rdacontent
=337  \\$acomputer$2rdamedia
=338  \\$aonline resource$2rdacarrier
=500  \\$aPart of the Arabic Collections Online (ACO) project, contributed by Princeton University Libraries.
=504  \\$aIncludes bibliographical references (pages 375-381).
=500  \\$aAdded t.p.: The Iraqi revolution of 1920.
=533  \\$aElectronic reproduction.$bNew York, N.Y. :$cNew York University,$d2020.$5NNU
=651  \0$aIraq$xHistory$yRevolt, 1920.
=651  \7$aIraq.$2fast$0(OCoLC)fst01205757
=647  \7$aRevolt$c(Iraq :$d1920)$2fast$0(OCoLC)fst01354446
=648  \7$a1920$2fast
=655  \7$aHistory.$2fast$0(OCoLC)fst01411628
=710  2\$aPrinceton University.$bLibrary.
=730  0\$aArabic Collections Online.
=776  08$iOnline version:$aFayyāḍ, ʻAbd Allāh.$tThawrah al-ʻIrāqīyah al-kubrá sanat 1920.$dBaghdād, Maṭbaʻat al-Irshād, 1963$w(OCoLC)579772776
=776  08$iPrint version:$aFayyāḍ, ʻAbd Allāh.$tal-Thawrah al-ʻIrāqīyah al-kubrá sanat 1920$w(NjP)1636172$w(DLC)ne 64002606 $w(OCoLC)23513525
=856  40$uhttp://hdl.handle.net/2333.1/xpnvx9bn 
=880  1\$6100-01$aفياض، عبد الله.
=880  12$6245-02$aالثورة العراقية الكبرى سنة 1920 /$cتأليف عبد الله الفياض.
=880  \\$6250-03$aالطبعة 1.
=880  \\$6260-04$aبغداد :$bمطبعة الإرشاد،$c1963.
=959  \\$aNNU$bWEB$cGENI$t0$mElectronic access$s01
=999  \\$iNjP_1636172$o(OCoLC)ocm23513525$sprinceton_aco002164$e(ERROR-880)$sprinceton_aco002164

