=LDR  02052nam a2200361Mi 4500
=001  392819
=003  NjP
=006  m\\\\\\\\d\\\\\\\\
=007  cr\cn\|||m|||a
=008  200626s1932\\\\mr\\\\\\ob\\\\000\0\ara\d
=040  \\$aZYU$bara$erda$cZYU
=100  1\$6880-01$aSāʼiḥ, Muḥammad ibn ʻAbd al-Salām ibn ʻAbd al-Raḥmān.
=245  10$6880-02$aTaḥqīq al-umniyah mimmā la-hā lī min ḥadīth Innā ummah ummīyah /$ctaʼlīf Muḥammad ibn ʻAbd al-Salām ibn ʻAbd al-Raḥmān al-Sāʼiḥ.
=260  \\$6880-03$aal-Ribāṭ :$bal-Maṭbaʻah al-Waṭanīyah,$c1932.
=300  \\$aonline resource (88 pages)
=336  \\$atext$2rdacontent
=337  \\$acomputer$2rdamedia
=338  \\$aonline resource$2rdacarrier
=500  \\$aPart of the Arabic Collections Online (ACO) project, contributed by Princeton University Libraries.
=504  \\$aIncludes bibliographical references.
=533  \\$aElectronic reproduction.$bNew York, N.Y. :$cNew York University,$d2020.$5NNU
=650  \0$aHadith$xCriticism, interpretation, etc.
=650  \7$aHadith.$2fast$0(OCoLC)fst00950112
=655  \7$aCriticism, interpretation, etc.$2fast$0(OCoLC)fst01411635
=710  2\$aPrinceton University.$bLibrary.
=730  0\$aArabic Collections Online.
=776  08$iPrint version:$aSāʼiḥ, Muḥammad ibn ʻAbd al-Salām ibn ʻAbd al-Raḥmān.$tTaḥqīq al-umniyah mimmā la-hā lī min ḥadīth Innā ummah ummīyah$w(NjP)392819$w(OCoLC)22317215
=856  40$uhttp://hdl.handle.net/2333.1/vt4b8sms 
=880  1\$6100-01$aسائح، محمد بن عبد السلام بن عبد الرحمن.
=880  10$6245-02$aتحقيق الامنية مما لاح لي من حديث انا امة امية /$cتأليف محمد بن عبد السلام بن عبد الرحمن السائح.
=880  \\$6260-03$aالرباط :$bالمطبعة الوطنية،$c1932.
=959  \\$aNNU$bWEB$cGENI$t0$mElectronic access$s01
=999  \\$iNjP_392819$o(OCoLC)ocm22317215$sprinceton_aco002876$e(ERROR-MISC)$sprinceton_aco002876

