=LDR  02910nam a2200361Mi 4500
=001  2785177
=003  NjP
=006  m\\\\\\\\d\\\\\\\\
=007  cr\cn\|||m|||a
=008  200626s1900\\\\ua\\\\\\o\\\\\000\0\ara\d
=040  \\$aZYU$bara$erda$cZYU
=100  1\$6880-01$aAnṣārī, Zakarīyā ibn Muḥammad,$dapproximately 1423-approximately 1520.
=245  10$6880-02$aSharḥ al-imām Zakarīyā al-Anṣārī ʻalā matn al-Bahjah lil-ʻallāmah Ibn al-Wardī fī fiqh al-imām al-Shāfiʻī :$bal-musammā  bi-al-Ghurar al-bahīyah fī sharḥ al-Bahjah al-Wardīyah maʻa ḥāshiyat ʻAbd al-Raḥmān al-Shirbīnī  Wa-bi-hāmishih Ḥāshiyat Ibn Qāsim al-ʻAbbādī maʻa taqrīr ʻAbd al-Raḥmān al-Shirbīnī ʻalayhā.
=260  \\$6880-03$aMiṣr :$bal-Maṭbaʻah al-Maymaniyah,$c[1318 [1900]]
=300  \\$aonline resource (5 volumes)
=336  \\$atext$2rdacontent
=337  \\$acomputer$2rdamedia
=338  \\$aonline resource$2rdacarrier
=500  \\$aPart of the Arabic Collections Online (ACO) project, contributed by Princeton University Libraries.
=533  \\$aElectronic reproduction.$bNew York, N.Y. :$cNew York University,$d2020.$5NNU
=546  \\$aIn Arabic.
=650  \0$aIslamic law$vEarly works to 1800.
=650  \0$aShafiites$vEarly works to 1800.
=710  2\$aPrinceton University.$bLibrary.
=730  0\$aArabic Collections Online.
=776  08$iOnline version:$aZakarīyā ibn Muḥammad, al-Anṣārī, 1422-1511?$tSharh ... ʻalā matn al-Bahjah lil-ʻallāmah Ibn al-Wardī fī fiqh al-imām al-Shāfiʻī .$dCairo [1318 [1900]]$w(OCoLC)659338190
=776  08$iPrint version:$aAnṣārī, Zakarīyā ibn Muḥammad, approximately 1423-approximately 1520.$tSharḥ al-imām Zakarīyā al-Anṣārī ʻalā matn al-Bahjah lil-ʻallāmah Ibn al-Wardī fī fiqh al-imām al-Shāfiʻī$w(NjP)2785177$w(OCoLC)42804545
=856  40$uhttp://hdl.handle.net/2333.1/wh70s7nn 
=880  1\$6100-01$aانصاري، زكريا بن محمد،$dapproximately 1423-approximately 1520.
=880  10$6245-02$aشرح الامام زكريا الانصاري على متن البهجة للعلامة ابن الوردي في فقه الامام الشافعي :$bالمسمى بالغرر البهية في شرح البهجة الوردية مع حاشية عبد الرحمن الشربيني وبهامشه حاشية ابن قاسم العبادي مع تقرير عبد الرحمن الشربيني عليها.
=880  \\$6260-03$aمصر :$bالمطبعة الميمنية،$c[1318 [1900]]
=959  \\$aNNU$bWEB$cGENI$t0$mElectronic access$s01
=999  \\$iNjP_2785177$o(OCoLC)ocm42804545$sprinceton_aco004367:v. 2$sprinceton_aco004368:v. 3$sprinceton_aco004369:v. 4$sprinceton_aco004370:v. 5$e(ERROR-MISC)$sprinceton_aco004367:v. 2$sprinceton_aco004368:v. 3$sprinceton_aco004369:v. 4$sprinceton_aco004370:v. 5

