=LDR  02108nam a2200421Mi 4500
=001  459421
=003  NjP
=006  m\\\\\\\\d\\\\\\\\
=007  cr\cn\|||m|||a
=008  200626s1952\\\\ua\\\\\\ob\\\\000\0\ara\d
=040  \\$aZYU$bara$erda$cZYU
=043  \\$aaw-----$aff-----$ama-----
=100  1\$6880-01$aʻInān, Muḥammad ʻAbd Allāh,$d1896-
=245  10$6880-02$aMawāqif ḥāsimah fī tārīkh al-Islām /$ctaʼlīf Muḥammad ʻAbd Allāh ʻInān.
=250  \\$6880-03$aal-Ṭabʻah 3., nuqqiḥat wa-ḥuqqiqat wa-ḍummat ilayhā buḥūth jadīdah.
=260  \\$6880-04$aal-Qāhirah :$bMaṭbaʻat Miṣr,$c1952.
=300  \\$aonline resource (24 pages)
=336  \\$atext$2rdacontent
=337  \\$acomputer$2rdamedia
=338  \\$aonline resource$2rdacarrier
=500  \\$aPart of the Arabic Collections Online (ACO) project, contributed by Princeton University Libraries.
=504  \\$aIncludes bibliographical references.
=533  \\$aElectronic reproduction.$bNew York, N.Y. :$cNew York University,$d2020.$5NNU
=651  \0$aIslamic Empire$xHistory.
=650  \0$aCivilization, Arab.
=650  \7$aCivilization, Arab.$2fast$0(OCoLC)fst00862967
=651  \7$aIslamic Empire.$2fast$0(OCoLC)fst01244134
=655  \7$aHistory.$2fast$0(OCoLC)fst01411628
=710  2\$aPrinceton University.$bLibrary.
=730  0\$aArabic Collections Online.
=776  08$iPrint version:$aʻInān, Muḥammad ʻAbd Allāh, 1896-$tMawāqif ḥāsimah fī tārīkh al-Islām$w(NjP)459421$w(OCoLC)81477139
=856  40$uhttp://hdl.handle.net/2333.1/9p8czkj7 
=880  1\$6100-01$aعنان، محمد عبد الله،$d1896-
=880  10$6245-02$aمواقف حاسمة في تاريخ الاسلام /$cتأليف محمد عبد الله عنان.
=880  \\$6250-03$aالطبعة 3.، نقحت وحققة وضمة اليها بحوث جديدة. 
=880  \\$6260-04$aالقاهرة :$bمطبعة مصر،$c1952.
=959  \\$aNNU$bWEB$cGENI$t0$mElectronic access$s01
=999  \\$iNjP_459421$o(OCoLC)ocm81477139$sprinceton_aco003789:$e(ERROR-MISC)$sprinceton_aco003789:

