=LDR  02552nam a2200421Mi 4500
=001  676517
=003  NjP
=006  m\\\\\\\\d\\\\\\\\
=007  cr\cn\|||m|||a
=008  200626s19uu\\\\le\\\\\\o\\\\\000\0\ara\d
=040  \\$aZYU$bara$erda$cZYU
=100  1\$6880-01$aBūṣīrī, Sharaf al-Dīn Muḥammad ibn Saʻīd,$d1213?-1296?
=240  10$6880-02$aBurdah
=245  10$6880-03$aHādhā qaṣīdat al-Burdah fī al-madīḥ al-nabawī /$clil-Imām al-Abūṣīrī. Wa-yalīhi Naẓm al-buḥūr fī madḥ al-Rasūl / li-muṣaḥḥiḥ hādhihi al-qaṣīdah wa-shāriḥ alfāẓahā al-lughawīyah Yūsuf ibn Ismāʻīl al-Nabhānī.
=246  3\$6880-04$aNaẓm al-buḥūr
=260  \\$6880-05$aBayrūt :$bSalīm al-Surūjī,$c[19--]
=300  \\$aonline resource (16 pages)
=336  \\$atext$2rdacontent
=337  \\$acomputer$2rdamedia
=338  \\$aonline resource$2rdacarrier
=500  \\$aPart of the Arabic Collections Online (ACO) project, contributed by Princeton University Libraries.
=533  \\$aElectronic reproduction.$bNew York, N.Y. :$cNew York University,$d2020.$5NNU
=600  00$aMuḥammad,$cProphet,$d-632$vPoetry.
=600  07$aMuḥammad,$cProphet,$d-632$2fast$0(OCoLC)fst01836298
=655  \7$aPoetry.$2fast$0(OCoLC)fst01423828
=700  12$6880-06$aNabhānī, Yūsuf ibn Ismāʻīl,$d1849 or 1850-1932.$tNaẓm al-buḥūr.
=710  2\$aPrinceton University.$bLibrary.
=730  0\$aArabic Collections Online.
=776  08$iPrint version:$aBūṣīrī, Sharaf al-Dīn Muḥammad ibn Saʻīd, 1213?-1296?$tHādhā qaṣīdat al-Burdah fī al-madīḥ al-nabawī$w(NjP)676517$w(OCoLC)25345624
=856  40$uhttp://hdl.handle.net/2333.1/f7m0crnt 
=880  1\$6100-01$aبوصيري، شرف الدين محمد بن سعيد،$d1213?-1296?
=880  10$6240-02$aبردة
=880  10$6245-03$aهذه قصيدة البردة في المديح النبوي /$cللامام الابوصيري. ويليه نظم البحور في مدح الرسول / لمصحح هذه القصيدة وشارح الفاظها اللغوية يوسف بن اسماعيل النبهاني.
=880  3\$6246-04$aنظم البحور
=880  \\$6260-05$aبيروت :$bسليم السروجي،$c[19--]
=880  12$6700-06$aنبهاني، يوسف بن اسماعيل،$d1849 or 1850-1932.$tنظم البحور.
=959  \\$aNNU$bWEB$cGENI$t0$mElectronic access$s01
=999  \\$iNjP_676517$o(OCoLC)ocm25345624$sprinceton_aco004146:$e(ERROR-MISC)$sprinceton_aco004146:

