=LDR  01772nam a2200397Mi 4500
=001  363419
=003  NjP
=006  m\\\\\\\\d\\\\\\\\
=007  cr\cn\|||m|||a
=008  200626s1929\\\\ua\\\\\\o\\\\\000\0\ara\d
=040  \\$aZYU$bara$erda$cZYU
=041  0\$aara$aeng
=100  1\$6880-01$aShakespeare, William,$d1564-1616.
=240  10$aTempest.$lArabic
=245  10$6880-02$aShakespeare's The Tempest :$bal-ʻĀṣifah /$ctarjamah wa-sharḥ Nāshid Sayfayn.
=250  \\$6880-03$aal-Ṭabʻah 1.
=260  \\$6880-04$a[Cairo] :$bTuṭlabu min Maktabat al-Hilāl,$c1929.
=300  \\$aonline resource (157 pages)
=336  \\$atext$2rdacontent
=337  \\$acomputer$2rdamedia
=338  \\$aonline resource$2rdacarrier
=500  \\$aPart of the Arabic Collections Online (ACO) project, contributed by Princeton University Libraries.
=533  \\$aElectronic reproduction.$bNew York, N.Y. :$cNew York University,$d2020.$5NNU
=655  \7$aDrama.$2lcgft
=700  1\$6880-05$aSayfayn, Nāshid.
=710  2\$aPrinceton University.$bLibrary.
=730  0\$aArabic Collections Online.
=776  08$iPrint version:$aShakespeare, William, 1564-1616.$tShakespeare's The Tempest$w(NjP)363419$w(OCoLC)79793830
=856  40$uhttp://hdl.handle.net/2333.1/zcrjdrg6 
=880  1\$6100-01$aشكسپير، وليم.،$d1564-1616.
=880  10$6245-02$aShakespeare's The Tempest  :$bالعاصفة /$cترجمة وشرح ناشد سيفين.
=880  \\$6250-03$aالطبعة 1.
=880  \\$6260-04$a[Cairo] :$bتطلب من مكتبة الهلال،$c1929.
=880  1\$6700-05$aسيفين، ناشد.
=959  \\$aNNU$bWEB$cGENI$t0$mElectronic access$s01
=999  \\$iNjP_363419$o(OCoLC)ocm79793830$sprinceton_aco002891$e(ERROR-880)(ERROR-MISC)$sprinceton_aco002891

