=LDR  02252nam a2200433Mi 4500
=001  815697
=003  NjP
=006  m\\\\\\\\d\\\\\\\\
=007  cr\cn\|||m|||a
=008  200626s1989\\\\ir\\\\\\ob\\\\000\0\ara\d
=040  \\$aZYU$bara$erda$cZYU
=041  1\$aara$aper$hara
=100  1\$6880-01$aĀl ʻAlī al-Shāhirūdī, Jawād al-Ḥusaynī.
=240  10$6880-02$aInsān fī marāḥilihi al-sitt.$lArabic & Persian
=245  13$6880-03$aal-Insān fī marāḥilihi al-sitt /$ctaʼlīf Jawād al-Ḥusaynī Āl ʻAlī al-Shāhirūdī ; bā tarjumah-i Fārsī.
=250  \\$6880-04$aChāp-i 5.
=260  \\$6880-05$aQum :$bChāpkhānah-ʼi Daftar-i Tablīghāt-i Islāmī,$c1989.
=300  \\$aonline resource (376 pages)
=336  \\$atext$2rdacontent
=337  \\$acomputer$2rdamedia
=338  \\$aonline resource$2rdacarrier
=500  \\$aPart of the Arabic Collections Online (ACO) project, contributed by Princeton University Libraries.
=504  \\$aIncludes bibliographical references.
=533  \\$aElectronic reproduction.$bNew York, N.Y. :$cNew York University,$d2020.$5NNU
=650  \0$aTheological anthropology$xIslam.
=650  \0$aShīʻah$xDoctrines.
=650  \7$aShīʻah$xDoctrines.$2fast$0(OCoLC)fst01117948
=650  \7$aTheological anthropology$xIslam.$2fast$0(OCoLC)fst01432209
=710  2\$aPrinceton University.$bLibrary.
=730  0\$aArabic Collections Online.
=776  08$iPrint version:$aĀl ʻAlī al-Shāhirūdī, Jawād al-Ḥusaynī.$tal-Insān fī marāḥilihi al-sitt$w(NjP)815697$w(OCoLC)28326501
=856  40$uhttp://hdl.handle.net/2333.1/nzs7hdv1 
=880  1\$6100-01$aآل علي الشاهرودي، جواد الحسيني.
=880  10$6240-02$aانسان في مراحل الست.$lArabic & Persian
=880  12$6245-03$aالانسان في مراحله الست /$cتأليف جواد الحسيني آل علي الشاهرودي ؛ با ترجمها فارسي.
=880  \\$6250-04$aچاپ 5.
=880  \\$6260-05$aقم :$bچاپخانۀ دفتر تبلىغات اسلامى،$c1989.
=959  \\$aNNU$bWEB$cGENI$t0$mElectronic access$s01
=999  \\$iNjP_815697$o(OCoLC)ocm28326501$sprinceton_aco002937$e(ERROR-MISC)$sprinceton_aco002937

