=LDR  01938nam a2200361Mi 4500
=001  341385
=003  NjP
=006  m\\\\\\\\d\\\\\\\\
=007  cr\cn\|||m|||a
=008  200626s1904\\\\sy\\\\\\o\\\\\000\0\arard
=040  \\$aZYU$bara$erda$cZYU
=100  1\$6880-01$aQāsimī, Muḥammad Jamāl al-Dīn.
=245  13$6880-02$aal-Ṭāʼir al-maymūn fī ḥall laghz al-kanz al-madfūn :$bwa-yalīhi alfāz lil-shāriḥ naḥwīyah wa-adabīyah mujāban ʻanhu /$ctaʼlīf Jamāl al-Dīn al-Qāsimī.
=250  \\$6880-03$aal-Ṭabʻah 2.
=260  \\$6880-04$aDimashq :$bMaṭba'at Rawḍat al-Shām,$c1322 [1904]
=300  \\$aonline resource (24 pages)
=336  \\$atext$2rdacontent
=337  \\$acomputer$2rdamedia
=338  \\$aonline resource$2rdacarrier
=500  \\$aPart of the Arabic Collections Online (ACO) project, contributed by Princeton University Libraries.
=533  \\$aElectronic reproduction.$bNew York, N.Y. :$cNew York University,$d2020.$5NNU
=650  \0$aPuzzles.
=650  \7$aPuzzles.$2fast$0(OCoLC)fst01084492
=710  2\$aPrinceton University.$bLibrary.
=730  0\$aArabic Collections Online.
=776  08$iPrint version:$aQāsimī, Muḥammad Jamāl al-Dīn.$tal-Ṭāʼir al-maymūn fī ḥall laghz al-kanz al-madfūn$w(NjP)341385$w(OCoLC)81098849
=856  40$uhttp://hdl.handle.net/2333.1/sqv9sfcc 
=880  1\$6100-01$aقاسمي، محمد جمال الدين.
=880  12$6245-02$aالطائر الميمون في حل لغز الكنز المدفون :$bويليه الفاز للشارح نحوية وادبية مجابا عنها /$cتأليف جمال الدين القاسمي.
=880  \\$6250-03$aالطبعة 2.
=880  \\$6260-04$aدمشق :$bمطبعة روضة الشام،$c1322 [1904]
=959  \\$aNNU$bWEB$cGENI$t0$mElectronic access$s01
=999  \\$iNjP_341385$o(OCoLC)ocm81098849$sprinceton_aco004211:$e(ERROR-MISC)$sprinceton_aco004211:

