=LDR  01570nam a2200361Mi 4500
=001  2773716
=003  NjP
=006  m\\\\\\\\d\\\\\\\\
=007  cr\cn\|||m|||a
=008  200626s1955\\\\sy\\\\\\o\\\\\000\0\ara\d
=040  \\$aZYU$bara$erda$cZYU
=100  1\$6880-01$aMuṣṭafá, Shākir.
=245  10$6880-02$aFī rikāb al-Shayṭān /$c[taʼlīf] Shākir Muṣṭafá.
=250  \\$6880-03$aal-Ṭabʻah al-ʼūlá.
=260  \\$6880-04$aDimashq :$bDār al-Ruwwād,$c[1955]
=300  \\$aonline resource (207 pages)
=336  \\$atext$2rdacontent
=337  \\$acomputer$2rdamedia
=338  \\$aonline resource$2rdacarrier
=500  \\$aPart of the Arabic Collections Online (ACO) project, contributed by Princeton University Libraries.
=533  \\$aElectronic reproduction.$bNew York, N.Y. :$cNew York University,$d2020.$5NNU
=655  \7$aEssays.$2lcgft
=710  2\$aPrinceton University.$bLibrary.
=730  0\$aArabic Collections Online.
=752  \\$aSyria$dDamascus.
=776  08$iPrint version:$aMuṣṭafá, Shākir.$tFī rikāb al-Shayṭān$w(NjP)2773716$w(OCoLC)40818823
=856  40$uhttp://hdl.handle.net/2333.1/80gb5x77 
=880  1\$6100-01$aمصطفى، شاكر.
=880  10$6245-02$aفي ركاب الشيطان /$c[تأليف] شاكر مصطفى.
=880  \\$6250-03$aالطبعة الاولى.
=880  \\$6260-04$aدمشق :$bدار الرواد،$c[1955]
=959  \\$aNNU$bWEB$cGENI$t0$mElectronic access$s01
=999  \\$iNjP_2773716$o(OCoLC)ocm40818823$sprinceton_aco004414:$e(ERROR-MISC)$sprinceton_aco004414:

