=LDR  02268nam a2200409Mi 4500
=001  786492
=003  NjP
=006  m\\\\\\\\d\\\\\\\\
=007  cr\cn\|||m|||a
=008  200626q19801984ir\\\\\\o\\\\\000\0\ara\d
=040  \\$aZYU$bara$erda$cZYU
=100  1\$6880-01$aKhuwānsārī, Mūsá al-Najafī.
=240  10$6880-02$aMunyat al-ṭālib fī ḥāshīyat al-makāsib
=245  10$6880-03$aKitāb Munyat al-ṭālib fī ḥāshīyat al-makāsib /$cli-muʼallifihi Mūsā al-Najafī al-Khuwaānsārī.
=246  3\$6880-04$aMunyat al-ṭālib fī ḥāshīyat al-makāsib
=260  \\$6880-05$a[Place of publication not identified] :$b[publisher not identified],$c[198-?]$e(Ṭihrān :$fMaṭbaʻat al-Ḥaydarīyah)
=300  \\$aonline resource (415 pages)
=336  \\$atext$2rdacontent
=337  \\$acomputer$2rdamedia
=338  \\$aonline resource$2rdacarrier
=500  \\$aPart of the Arabic Collections Online (ACO) project, contributed by Princeton University Libraries.
=533  \\$aElectronic reproduction.$bNew York, N.Y. :$cNew York University,$d2020.$5NNU
=650  \0$aCommercial law (Islamic law)
=650  \0$aShīʻah.
=650  \7$aCommercial law (Islamic law)$2fast$0(OCoLC)fst00869534
=650  \7$aShīʻah.$2fast$0(OCoLC)fst01117946
=710  2\$aPrinceton University.$bLibrary.
=730  0\$aArabic Collections Online.
=776  08$iPrint version:$aKhuwānsārī, Mūsá al-Najafī.$tKitāb Munyat al-ṭālib fī ḥāshīyat al-makāsib$w(NjP)786492$w(OCoLC)27458558
=856  40$uhttp://hdl.handle.net/2333.1/g4f4r252 
=880  1\$6100-01$aخوانساري، موسى النجفي. 
=880  10$6240-02$aمنية الطالب في حاشية المكاسب
=880  10$6245-03$aكتاب منية الطالب في حاشية المكاسب /$cلمؤلفه موسى النجفي الخوانساري.
=880  3\$6246-04$aمنية الطالب في حاشية المكاسب
=880  \\$6260-05$a[Place of publication not identified] :$b[publisher not identified],$c[198-?]$e(طهران :$fمطبعة الحيدرية)
=959  \\$aNNU$bWEB$cGENI$t0$mElectronic access$s01
=999  \\$iNjP_786492$o(OCoLC)ocm27458558$sprinceton_aco003467:$e(ERROR-MISC)$sprinceton_aco003467:

