=LDR  01493nam a2200337Mi 4500
=001  2787462
=003  NjP
=006  m\\\\\\\\d\\\\\\\\
=007  cr\cn\|||m|||a
=008  200626s1928\\\\ua\\\\\\o\\\\\000\0\ara\d
=040  \\$aZYU$bara$erda$cZYU
=245  00$6880-01$aAl-ʻilm w-al-ʻimrān.
=260  \\$6880-02$aMiṣr :$bMaṭbaʻat al-Muqṭataf wa al-Muqaṭam,$c1928.
=300  \\$aonline resource (312 pages)
=336  \\$atext$2rdacontent
=337  \\$acomputer$2rdamedia
=338  \\$aonline resource$2rdacarrier
=500  \\$aPart of the Arabic Collections Online (ACO) project, contributed by Princeton University Libraries.
=533  \\$aElectronic reproduction.$bNew York, N.Y. :$cNew York University,$d2020.$5NNU
=546  \\$aTitle-page and text in Arabic.
=500  \\$aInaugural addresses of presidents of the society, 1895-1927, published by Al-Muqtaṭaf as its 1928 gift volume.
=700  0\$6880-03$aAl-Muqtaṭaf.
=710  2\$aPrinceton University.$bLibrary.
=730  0\$aArabic Collections Online.
=776  08$iPrint version:$tAl-ʻilm w-al-ʻimrān$w(NjP)2787462$w(OCoLC)42847545
=856  40$uhttp://hdl.handle.net/2333.1/4xgxdbsv 
=880  00$6245-01$aالعلم والعمران.
=880  \\$6260-02$aمصر :$bمطبعة المقتطف و المقطم،$c1928.
=880  0\$6700-03$aالمقتطف.
=959  \\$aNNU$bWEB$cGENI$t0$mElectronic access$s01
=999  \\$iNjP_2787462$o(OCoLC)ocm42847545$sprinceton_aco002578$e(ERROR-MISC)$sprinceton_aco002578

