=LDR  01868nam a2200433Mi 4500
=001  513106
=003  NjP
=006  m\\\\\\\\d\\\\\\\\
=007  cr\cn\|||m|||a
=008  200626s1962\\\\sy\\\\\\ol\\\\000\0\araod
=040  \\$aZYU$bara$erda$cZYU
=043  \\$aa-sy---
=050  \4$aKMU6.3$b.S87 1962
=110  1\$6880-01$aSyria.
=240  10$aLaws, etc.
=245  10$6880-02$aMajmūʻat al-qawāʻid al-qānūnīyah /$cjamʻ wa-tartīb wa-tansīq ʻUmar Rajab al-Hayb.
=250  \\$6880-03$aal-Ṭabʻah 2.
=260  \\$6880-04$aḤalab :$bMaktabat Rabīʻ,$c1962.
=300  \\$aonline resource (208 pages)
=336  \\$atext$2rdacontent
=337  \\$acomputer$2rdamedia
=338  \\$aonline resource$2rdacarrier
=500  \\$aPart of the Arabic Collections Online (ACO) project, contributed by Princeton University Libraries.
=533  \\$aElectronic reproduction.$bNew York, N.Y. :$cNew York University,$d2020.$5NNU
=650  \0$aLaw reports, digests, etc.$zSyria.
=650  \7$aLaw reports, digests, etc.$2fast$0(OCoLC)fst00994106
=651  \7$aSyria.$2fast$0(OCoLC)fst01208757
=700  1\$6880-05$aHayb, ʻUmar Rajab.
=710  2\$aPrinceton University.$bLibrary.
=730  0\$aArabic Collections Online.
=776  08$iPrint version:$aSyria.$tMajmūʻat al-qawāʻid al-qānūnīyah$w(NjP)513106$w(OCoLC)26629639
=856  40$uhttp://hdl.handle.net/2333.1/7pvmd54r 
=880  1\$6110-01$aسوريا.
=880  10$6245-02$aمجموعة القواعد القانونية /$cجمع وترتيب وتنسيق عمر رجب الهيب.
=880  \\$6250-03$aالطبعة 2.
=880  \\$6260-04$aحلب :$bمكتبة ربيع،$c1962.
=880  1\$6700-05$aهيب، عمر رجب.
=959  \\$aNNU$bWEB$cGENI$t0$mElectronic access$s01
=999  \\$iNjP_513106$o(OCoLC)ocm26629639$sprinceton_aco003720:$e(ERROR-880)$sprinceton_aco003720:

