=LDR  02643nam a2200445Mi 4500
=001  804466
=003  NjP
=006  m\\\\\\\\d\\\\\\\\
=007  cr\cn\|||m|||a
=008  200626s1989\\\\ir\h\\\\ob\\\\000\0\ara\d
=040  \\$aZYU$bara$erda$cZYU
=100  1\$6880-01$aʻIrāqī, Ḍiyāʼ al-Dīn.
=245  10$6880-02$aTaʻlīqāt istadlālīyah ʻalá al-ʻUrwah al-wuthqá li-Sayyid al-ṭāʼifah Āyat Allāh al-ʻUẓmá al-Sayyid Muḥammad Kāẓim al-Yazdī, 1337 H.Q /$clil-faqīh Ḍiyāʼ al-Dīn al-ʻIrāqī.
=250  \\$6880-03$aal-Ṭabʻah 1.
=260  \\$6880-04$aQum :$bMuʼassasat al-Nashr al-Islāmī al-tābiʻah li-Jamāʻat al-Mudarrisīn,$c1410 [1989 or 1990]
=300  \\$aonline resource (348 pages) :$bfacsimile
=336  \\$atext$2rdacontent
=337  \\$acomputer$2rdamedia
=338  \\$aonline resource$2rdacarrier
=500  \\$a"562."
=500  \\$aPart of the Arabic Collections Online (ACO) project, contributed by Princeton University Libraries.
=504  \\$aIncludes bibliographical references.
=533  \\$aElectronic reproduction.$bNew York, N.Y. :$cNew York University,$d2020.$5NNU
=600  10$aṬabāṭabāʼī al-Yazdī, Muḥammad Kāẓim,$d-1919.$tʻUrwah al-wuthqá.
=650  \0$aIslam$xCustoms and practices.
=650  \0$aShīʻah$xDoctrines.
=650  \7$aIslam$xCustoms and practices.$2fast$0(OCoLC)fst00979785
=650  \7$aShīʻah$xDoctrines.$2fast$0(OCoLC)fst01117948
=710  2\$6880-05$aMuʼassasat al-Nashr al-Islāmī.
=710  2\$aPrinceton University.$bLibrary.
=730  0\$aArabic Collections Online.
=776  08$iPrint version:$aʻIrāqī, Ḍiyāʼ al-Dīn.$tTaʻlīqāt istadlālīyah ʻalá al-ʻUrwah al-wuthqá li-Sayyid al-ṭāʼifah Āyat Allāh al-ʻUẓmá al-Sayyid Muḥammad Kāẓim al-Yazdī, 1337 H.Q$w(NjP)804466$w(OCoLC)28073967
=856  40$uhttp://hdl.handle.net/2333.1/3n5tbccw 
=880  1\$6100-01$aعراقي، ضياء الدين.
=880  10$6245-02$aتعليقات استدلالية على العروة الوثقى لسيد الطائفة آية الله العظمى السيد محمد كاظم اليزدي، 1337 ه.ق /$cللفقيه ضياء الدين العراقي.
=880  \\$6250-03$aالطبعة 1.
=880  \\$6260-04$aقم :$bمؤسسة النشر الاسلامي التابعة لجماعة المدرسين،$c1410 [1989 or 1990]
=880  2\$6710-05$aمؤسسة النشر الاسلامي.
=959  \\$aNNU$bWEB$cGENI$t0$mElectronic access$s01
=999  \\$iNjP_804466$o(OCoLC)ocm28073967$sprinceton_aco003952:$e(ERROR-MISC)$sprinceton_aco003952:

