=LDR  01586nam a2200325Mi 4500
=001  2785194
=003  NjP
=006  m\\\\\\\\d\\\\\\\\
=007  cr\cn\|||m|||a
=008  200626s1870\\\\ir\\\\\\o\\\\\000\0\ara\d
=040  \\$aZYU$bara$erda$cZYU
=100  1\$6880-01$aIbn Bābawayh al-Qummī, Muḥammad ibn ʻAlī,$d918 or 919-991 or 992.
=245  13$6880-02$aal-Amālī al-mashhūrah bi-al-Majālis.
=260  \\$a[Tehran?] :$b[publisher not identified],$c1287 [1870]
=300  \\$aonline resource (1 volume (unpaged))
=336  \\$atext$2rdacontent
=337  \\$acomputer$2rdamedia
=338  \\$aonline resource$2rdacarrier
=500  \\$aPart of the Arabic Collections Online (ACO) project, contributed by Princeton University Libraries.
=533  \\$aElectronic reproduction.$bNew York, N.Y. :$cNew York University,$d2020.$5NNU
=546  \\$aIn Arabic.
=650  \0$aShīʻah$xDoctrines$vEarly works to 1800.
=710  2\$aPrinceton University.$bLibrary.
=730  0\$aArabic Collections Online.
=776  08$iPrint version:$aIbn Bābawayh al-Qummī, Muḥammad ibn ʻAlī, 918 or 919-991 or 992.$tal-Amālī al-mashhūrah bi-al-Majālis$w(NjP)2785194$w(OCoLC)42804730
=856  40$uhttp://hdl.handle.net/2333.1/4f4qrr64 
=880  1\$6100-01$aابن بابويه القمي، محمد بن علي،$d918 or 919-991 or 992.
=880  12$6245-02$aالامالي المشهورة بالمجالس.
=959  \\$aNNU$bWEB$cGENI$t0$mElectronic access$s01
=999  \\$iNjP_2785194$o(OCoLC)ocm42804730$sprinceton_aco004396:$e(ERROR-880)(ERROR-MISC)$sprinceton_aco004396:

