=LDR  02456nam a2200385Mi 4500
=001  2786756
=003  NjP
=006  m\\\\\\\\d\\\\\\\\
=007  cr\cn\|||m|||a
=008  200626s19uu\\\\le\\\\\\od\\\\000\0\ara\d
=040  \\$aZYU$bara$erda$cZYU
=041  0\$aara$atur
=100  1\$6880-01$aUnsī, Muḥammad ʻAlī.
=245  10$6880-02$aQāmūs al-lughah al-ʻUthmānīyah :$bal-Darārī al-lāmiʻāt fī muntakhabāt al-lughāt : Yaḥtawī ʻalá al-kalimāt al-Turkīyah wa-al- alfāẓ al-Fārisīyah wa-al-Ifranjīyah al-mutadāwalah fī al-lughah al-ʻUthmānīyah /$cjamaʻahu wa-rattabahu Muḥammad ʻAlī al-Unsī.
=260  \\$6880-03$aBayrūt :$bMaṭba'at Jarīdat Bayrūt,$c1318 [1939 or 1940?]
=300  \\$aonline resource (564 pages)
=336  \\$atext$2rdacontent
=337  \\$acomputer$2rdamedia
=338  \\$aonline resource$2rdacarrier
=500  \\$aPart of the Arabic Collections Online (ACO) project, contributed by Princeton University Libraries.
=533  \\$aElectronic reproduction.$bNew York, N.Y. :$cNew York University,$d2020.$5NNU
=546  \\$aTurkish-Arabic.
=650  \0$aTurkish language$vDictionaries$xArabic.
=650  \7$aTurkish language.$2fast$0(OCoLC)fst01159411
=655  \7$aDictionaries.$2fast$0(OCoLC)fst01423826
=710  2\$aPrinceton University.$bLibrary.
=730  0\$aArabic Collections Online.
=776  08$iOnline version:$aUnsī, Muḥammad ʻAlī.$tQāmūs al-lughah al-ʻuthmānīyah al-musamma al-Darāri al-lāmiʻāt fi muntakhabāt al-lughāt .$dBeirut, Nidarat al-Maʻriq al-jaliya, 1318 [1939 or 1940?]$w(OCoLC)656934011
=776  08$iPrint version:$aUnsī, Muḥammad ʻAlī.$tQāmūs al-lughah al-ʻUthmānīyah$w(NjP)2786756$w(OCoLC)43652854
=856  40$uhttp://hdl.handle.net/2333.1/c2fqzgn2 
=880  1\$6100-01$aانسي، محمد علي.
=880  10$6245-02$aقاموس اللغة العثمانية :$bالدراري اللامعات في منتخبات اللغات : يحتوي على على الكلمات والالفاظ الفارسية والافرنجية المتداولة في اللغة العثمانية /$cجمعه ورتبه محمد علي الانسي.
=880  \\$6260-03$aبيروت :$bمطبعة جريدة بيروت،$c1318 [1939 or 1940?]
=959  \\$aNNU$bWEB$cGENI$t0$mElectronic access$s01
=999  \\$iNjP_2786756$o(OCoLC)ocm43652854$sprinceton_aco004241:$e(ERROR-MISC)$sprinceton_aco004241:

