=LDR  02259nam a2200421Mi 4500
=001  496483
=003  NjP
=006  m\\\\\\\\d\\\\\\\\
=007  cr\cn\|||m|||a
=008  200626s1985\\\\ir\\\\\\ob\\\\001\0\ara\d
=040  \\$aZYU$bara$erda$cZYU
=245  03$6880-01$aal-Jihād /$cashrafa ʻalá jamʻ uṣūlihā al-khaṭṭīyah wa-tartībihā ḥasaba al-tasalsul al-zamanī wa-ʻalá taḥqīqihā wa-ikhrājihā wa-ʻamal qawāmīsihā ʻAlī Aṣghar Murwārīd.
=250  \\$6880-02$aal-Ṭabʻah 1.
=260  \\$6880-03$aṬihrān :$bMarkaz Buḥūth al-Ḥajj wa-al-ʻUmrah,$c1406 [1985 or 1986]
=300  \\$aonline resource (15, 346 pages)
=336  \\$atext$2rdacontent
=337  \\$acomputer$2rdamedia
=338  \\$aonline resource$2rdacarrier
=490  1\$6880-04$aSilsilat al-yanābīʻ al-fiqhīyah
=500  \\$aPart of the Arabic Collections Online (ACO) project, contributed by Princeton University Libraries.
=504  \\$aIncludes bibliographical references (pages 339-340)-and indexes.
=533  \\$aElectronic reproduction.$bNew York, N.Y. :$cNew York University,$d2020.$5NNU
=650  \0$aJihad.
=650  \7$aJihad.$2fast$0(OCoLC)fst00983599
=700  1\$6880-05$aMurwārīd, ʻAlī Aṣghar.
=710  2\$aPrinceton University.$bLibrary.
=730  0\$aArabic Collections Online.
=776  08$iPrint version:$tal-Jihād$w(NjP)496483$w(OCoLC)26520703
=830  \0$6880-06$aSilsilat al-yanābīʻ al-fiqhīyah.
=856  40$uhttp://hdl.handle.net/2333.1/z08kq2gj 
=880  02$6245-01$aالجهاد /$cأشرف على جمع أصولها الخطية وترتيبها حسب التسلسل الزمني وعلى تحقيقها وإخراجها وعمل قواميسها علي أصغر مرواريد.
=880  \\$6250-02$aالطبعة ١.
=880  \\$6260-03$aطهران :$bمركز بحوث الحج والعمرة،$c١٤٠٦ [1985 or 86]
=880  1\$6490-04$aسلسلة الينابيع الفقهية
=880  1\$6700-05$aمرواريد، علي أصغر.
=880  \0$6830-06$aسلسلة الينابيع الفقهية.
=959  \\$aNNU$bWEB$cGENI$t0$mElectronic access$s01
=999  \\$iNjP_496483$o(OCoLC)ocm26520703$sprinceton_aco003963:$e(ERROR-MISC)$sprinceton_aco003963:

