=LDR  01865nam a2200349Mi 4500
=001  860884
=003  NjP
=006  m\\\\\\\\d\\\\\\\\
=007  cr\cn\|||m|||a
=008  200626s1868\\\\ua\\\\\\o\\\\\000\0\ara\d
=040  \\$aZYU$bara$erda$cZYU
=100  1\$6880-01$aRāghib, Muḥammad,$d1698 or 1699-1762 or 1763.
=245  10$6880-02$aSafīnat al-Rāghib wa-dafīnat al-maṭālib /$clil-Imām al-Rāghib.
=260  \\$6880-03$aBūlāq :$bal-Maṭbaʻah al-Khidyawīyah,$c1282 [1868 or 1869]
=300  \\$aonline resource (680 pages)
=336  \\$atext$2rdacontent
=337  \\$acomputer$2rdamedia
=338  \\$aonline resource$2rdacarrier
=500  \\$aPart of the Arabic Collections Online (ACO) project, contributed by Princeton University Libraries.
=533  \\$aElectronic reproduction.$bNew York, N.Y. :$cNew York University,$d2020.$5NNU
=650  \0$aIslam.
=650  \7$aIslam.$2fast$0(OCoLC)fst00979776
=710  2\$aPrinceton University.$bLibrary.
=730  0\$aArabic Collections Online.
=776  08$iOnline version:$aRāghib, Muḥammad, 1698 or 9-1762 or 3.$tSafīnat al-Rāghib wa-dafīnat al-maṭālib.$dBūlāq : al-Maṭbaʻah al-Khidyawīyah, 1282 [1868 or 1869]$w(OCoLC)780179720
=776  08$iPrint version:$aRāghib, Muḥammad, 1698 or 1699-1762 or 1763.$tSafīnat al-Rāghib wa-dafīnat al-maṭālib$w(NjP)860884$w(OCoLC)29782147
=856  40$uhttp://hdl.handle.net/2333.1/0k6djsxg 
=880  1\$6100-01$aراغب، محمد،$d1698 or 1699-1762 or 1763.
=880  10$6245-02$aسفينة الراغب ودفينة المطالب /$cللامام الراغب.
=880  \\$6260-03$aبولاق :$bالمطبعة الخديوية،$c1282 [1868 or 1869]
=959  \\$aNNU$bWEB$cGENI$t0$mElectronic access$s01
=999  \\$iNjP_860884$o(OCoLC)ocm29782147$sprinceton_aco004001:$e(ERROR-MISC)$sprinceton_aco004001:

