=LDR  02575nam a2200469Mi 4500
=001  782983
=003  NjP
=006  m\\\\\\\\d\\\\\\\\
=007  cr\cn\|||m|||a
=008  200626s1980\\\\ir\\\\\\o\\\\\000\0\ara\d
=040  \\$aZYU$bara$erda$cZYU
=100  1\$6880-01$aFayḍ al-Kāshī, Muḥammad ibn Murtaḍá,$d1598 or 1599-1680 or 1681.
=245  13$6880-02$aAl-Shihāb al-thāqib :$bfī wujūb ṣalāt al-Jumʻah al-ʻaynī /$ctaʼlīf Muḥammad Muḥsin al-maʻrūf bi-"al-Fayḍ" al-Kāshānī.
=246  3\$6880-03$aManbaʻ al-ḥayāh
=250  \\$6880-04$aAl-Ṭabʻah 2.
=260  \\$6880-05$aQum :$bMuʼassasah al-ʻIlmī lil-Maṭbūāt,$c1980.
=300  \\$aonline resource (107, 84 pages)
=336  \\$atext$2rdacontent
=337  \\$acomputer$2rdamedia
=338  \\$aonline resource$2rdacarrier
=500  \\$aWa-yalihi manbaʻ al-ḥayāh li-muʼalifihi Niʻmat Allāh al-Jazāʼirī.
=500  \\$aPart of the Arabic Collections Online (ACO) project, contributed by Princeton University Libraries.
=533  \\$aElectronic reproduction.$bNew York, N.Y. :$cNew York University,$d2020.$5NNU
=650  \0$aPrayer$xIslam.
=650  \7$aPrayer$xIslam.$2fast$0(OCoLC)fst01074698
=700  1\$6880-06$aJamāl al-Dīn, Raʼūf.
=700  12$6880-07$aJazāʼirī, Niʻmat Allāh ibn ʻAbd Allāh,$d1640 or 1641-1701.$tManbaʻ al-ḥayāh.
=710  2\$aPrinceton University.$bLibrary.
=730  0\$aArabic Collections Online.
=740  0\$6880-08$aManbaʻ al-ḥayāh.
=776  08$iPrint version:$aFayḍ al-Kāshī, Muḥammad ibn Murtaḍá, 1598 or 1599-1680 or 1681.$tAl-Shihāb al-thāqib$w(NjP)782983$w(OCoLC)27444222
=856  40$uhttp://hdl.handle.net/2333.1/612jmgr0 
=880  1\$6100-01$aفيض الكاشي، محمد بن مرتضى،$d1598 or 1599-1680 or 1681.
=880  12$6245-02$aالشهاب الثاقب :$bفي وجوب صلاة الجمعة العيني /$cتأليف محمد محسن المعروف ب "الفيض" الكاشاني.
=880  3\$6246-03$aمنبع الحياه
=880  \\$6250-04$aالطبعة ٢.
=880  \\$6260-05$aقم :$bمؤسسة الاعلمي للمطبوعات،$c١٩٨٠.
=880  0\$6700-06$aرؤوف جمال الدين.
=880  12$6700-07$aجزائري، نعمة الله بن عبد الله،$d1640 or 1641-1701.$tمنبع الحياه.
=880  0\$6740-08$aمنبع الحياه.
=959  \\$aNNU$bWEB$cGENI$t0$mElectronic access$s01
=999  \\$iNjP_782983$o(OCoLC)ocm27444222$sprinceton_aco003966:$e(ERROR-MISC)$sprinceton_aco003966:

