=LDR  01708nam a2200349Mi 4500
=001  337923
=003  NjP
=006  m\\\\\\\\d\\\\\\\\
=007  cr\cn\|||m|||a
=008  200626s1960\\\\xx\\\\\\o\\\\\000\0\ara\d
=040  \\$aZYU$bara$erda$cZYU
=050  \4$aPJ7765$b.A52 K18 1960
=100  1\$6880-01$aʻĀmilī, Bahāʼ al-Dīn Muḥammad ibn Ḥusayn,$d1547-1621.
=245  13$6880-02$aal-Kashkūl.
=260  \\$a[Place of publication not identified] :$b[publisher not identified],$c1960?
=300  \\$aonline resource (2 volumes)
=336  \\$atext$2rdacontent
=337  \\$acomputer$2rdamedia
=338  \\$aonline resource$2rdacarrier
=500  \\$aPart of the Arabic Collections Online (ACO) project, contributed by Princeton University Libraries.
=533  \\$aElectronic reproduction.$bNew York, N.Y. :$cNew York University,$d2020.$5NNU
=650  \0$aEncyclopedias and dictionaries, Arabic.
=650  \0$aArabic literature.
=710  2\$aPrinceton University.$bLibrary.
=730  0\$aArabic Collections Online.
=776  08$iOnline version:$aʻĀmilī, Bahāʼ al-Dīn Muḥammad ibn Ḥusayn, 1547-1621.$tKashkūl.$d1960?$w(OCoLC)582444517
=776  08$iPrint version:$aʻĀmilī, Bahāʼ al-Dīn Muḥammad ibn Ḥusayn, 1547-1621.$tal-Kashkūl$w(NjP)337923$w(OCoLC)23514954
=856  40$uhttp://hdl.handle.net/2333.1/sn02vhnc 
=880  1\$6100-01$aعاملي، بهاء الدين محمد بن حسين،$d1547-1621.
=880  12$6245-02$aالكشكول.
=959  \\$aNNU$bWEB$cGENI$t0$mElectronic access$s01
=999  \\$iNjP_337923$o(OCoLC)ocm23514954$sprinceton_aco002570:vol.1$sprinceton_aco002558:vol.2$e(ERROR-880)$sprinceton_aco002570:vol.1$sprinceton_aco002558:vol.2

