=LDR  02375nam a2200397Mi 4500
=001  258949
=003  NjP
=006  m\\\\\\\\d\\\\\\\\
=007  cr\cn\|||m|||a
=008  200626s197u\\\\ir\\\\\\o\\\\\000\0\ara\d
=040  \\$aZYU$bara$erda$cZYU
=100  1\$6880-01$aArdabīlī al-Gharawī al-Ḥaʼirī, Muḥammad ibn ʻAlī,$d-1593.
=240  10$6880-02$aJāmiʻ al-ruwāh
=245  10$6880-03$aHādhā huwa al-kitāb al-musammá bihi Jāmiʻ al-ruwāh :$bwa-izāḥat al-ishtibāhāt ʻan al-ṭuruq wa-al-isnād /$ctaṣnīf Muḥammad ibn ʻAlī al-Ardabīlī al-Gharawī al-Ḥāʼirī.
=260  \\$6880-04$aQum :$bKitābfurūshī-i Muṣṭafá,$c[197-?]
=300  \\$aonline resource (2 volumes)
=336  \\$atext$2rdacontent
=337  \\$acomputer$2rdamedia
=338  \\$aonline resource$2rdacarrier
=500  \\$aPart of the Arabic Collections Online (ACO) project, contributed by Princeton University Libraries.
=533  \\$aElectronic reproduction.$bNew York, N.Y. :$cNew York University,$d2020.$5NNU
=650  \0$aHadith$xAuthorities$vEarly works to 1800.
=650  \0$aHadith$xForgeries$vEarly works to 1800.
=650  \7$aHadith$xAuthorities.$2fast$0(OCoLC)fst00950115
=650  \7$aHadith$xForgeries.$2fast$0(OCoLC)fst00950126
=655  \7$aEarly works.$2fast$0(OCoLC)fst01411636
=710  2\$aPrinceton University.$bLibrary.
=730  0\$aArabic Collections Online.
=776  08$iPrint version:$aArdabīlī al-Gharawī al-Ḥaʼirī, Muḥammad ibn ʻAlī, -1593.$tHādhā huwa al-kitāb al-musammá bihi Jāmiʻ al-ruwāh$w(NjP)258949$w(OCoLC)80777109
=856  40$uhttp://hdl.handle.net/2333.1/p8cz962h 
=880  1\$6100-01$aاردبيلى الغروي الحائري، محمد بن علي،$d-1593.
=880  10$6240-02$aجامع الرواة
=880  10$6245-03$aهذا هو الكتاب المسمى به جامع الرواة :$bوازاحة الاشتباهات عن الطرق والاسناد /$cتصنيف محمد ابن على الاردبيلى الغروي الحائري.
=880  \\$6260-04$aقم :$bکتابفروشى مصطفى،$c[197-?]
=959  \\$aNNU$bWEB$cGENI$t0$mElectronic access$s01
=999  \\$iNjP_258949$o(OCoLC)ocm80777109$sprinceton_aco003814:mujallad 1$sprinceton_aco003811:mujallad 2$e(ERROR-MISC)$sprinceton_aco003814:mujallad 1$sprinceton_aco003811:mujallad 2

