=LDR  01786nam a2200397Mi 4500
=001  2835628
=003  NjP
=006  m\\\\\\\\d\\\\\\\\
=007  cr\cn\|||m|||a
=008  200626s1966\\\\iq\\\\\\o\\\\\000\0\ara\d
=040  \\$aZYU$bara$erda$cZYU
=041  1\$aara$htur
=100  1\$6880-01$aUygur, Ziya.
=245  10$6880-02$aJudhūr al-Ṣahyūnīyah :$bTarjamat wataqdīm Ibrāhim al-Dāqūqī.
=260  \\$6880-03$aBagdad :$bWizārat al-Thaqāfah wa-al-Irshād,$c1966.
=300  \\$aonline resource (148 pages)
=336  \\$atext$2rdacontent
=337  \\$acomputer$2rdamedia
=338  \\$aonline resource$2rdacarrier
=490  1\$6880-04$aSilsilah al-siyāsīyah,$v14
=500  \\$aArabic trans. from the Turkish.
=500  \\$aPart of the Arabic Collections Online (ACO) project, contributed by Princeton University Libraries.
=533  \\$aElectronic reproduction.$bNew York, N.Y. :$cNew York University,$d2020.$5NNU
=650  \0$aZionism.
=710  2\$aPrinceton University.$bLibrary.
=730  0\$aArabic Collections Online.
=776  08$iPrint version:$aUygur, Ziya.$tJudhūr al-Ṣahyūnīyah$w(NjP)2835628$w(OCoLC)42936561
=830  \0$6880-05$aSilsilah al-siyāsīyah ;$v14.
=856  40$uhttp://hdl.handle.net/2333.1/47d7wwqr 
=880  1\$6100-01$aأويغور، ضياء.
=880  10$6245-02$aجذور الصهيونية :$bترجمة وتقديم ابراهم الداقوقي.
=880  \\$6260-03$aبفداد :$bوزارة الثقافة والارشاد،$c1966.
=880  1\$6490-04$aسلسلة السياسية،$v14
=880  \0$6830-05$aسلسلة السياسية ؛$v14.
=959  \\$aNNU$bWEB$cGENI$t0$mElectronic access$s01
=999  \\$iNjP_2835628$o(OCoLC)ocm42936561$sprinceton_aco004222:$e(ERROR-MISC)$sprinceton_aco004222:

