=LDR  01675nam a2200337Mi 4500
=001  2788699
=003  NjP
=006  m\\\\\\\\d\\\\\\\\
=007  cr\cn\|||m|||a
=008  200626s1949\\\\le\\\\\\o\\\\\000\0\ara\d
=040  \\$aZYU$bara$erda$cZYU
=050  \4$aCS71.S93$bN344 1949
=100  1\$6880-01$aNajjār, Ḥalīm.
=245  10$6880-02$aTurāthunā al-ijtimāʻī wa-athāruhu fī al-zirāʻah :$bbaḥth al-qaḍāyā al-ijtimāʻiyah al-kubrá, wa dars atharahā fī al-qariyah.
=260  \\$a[Beirut] :$b[publisher not identified],$c1949.
=300  \\$aonline resource (160 pages)
=336  \\$atext$2rdacontent
=337  \\$acomputer$2rdamedia
=338  \\$aonline resource$2rdacarrier
=500  \\$aPart of the Arabic Collections Online (ACO) project, contributed by Princeton University Libraries.
=533  \\$aElectronic reproduction.$bNew York, N.Y. :$cNew York University,$d2020.$5NNU
=546  \\$aTitle-page and text in Arabic.
=650  \0$aAgriculture$zLebanon.
=710  2\$aPrinceton University.$bLibrary.
=730  0\$aArabic Collections Online.
=776  08$iPrint version:$aNajjār, Ḥalīm.$tTurāthunā al-ijtimāʻī wa-athāruhu fī al-zirāʻah$w(NjP)2788699$w(OCoLC)42892493
=856  40$uhttp://hdl.handle.net/2333.1/70rxwpzm 
=880  1\$6100-01$aنجار، حليم.
=880  10$6245-02$aتراثنا الاجتماعي واثاره في الزراعة :$bبحث القضايا الاجتماعية الكبرى، و درس اثرها في القرية.
=959  \\$aNNU$bWEB$cGENI$t0$mElectronic access$s01
=999  \\$iNjP_2788699$o(OCoLC)ocm42892493$sprinceton_aco004345:$e(ERROR-880)$sprinceton_aco004345:

