=LDR  01657nam a2200361Mi 4500
=001  2774088
=003  NjP
=006  m\\\\\\\\d\\\\\\\\
=007  cr\cn\|||m|||a
=008  200626s1934\\\\sy\ac\\\o\\\\\000\0\araod
=040  \\$aZYU$bara$erda$cZYU
=043  \\$ama-----
=100  1\$6880-01$aRayyis, Najīb.
=245  10$6880-02$aNiḍāl /$cbi-qalam Najīb al-Rayis ; muqaddimat al-kitāb bi-qlam Fāris Bik al-Khūrī.
=260  \\$6880-03$aDimashq :$bMaṭbaʻat al-Qabas,$c1934.
=300  \\$aonline resource (3, 208 pages) :$bportraits
=336  \\$atext$2rdacontent
=337  \\$acomputer$2rdamedia
=338  \\$aonline resource$2rdacarrier
=500  \\$aPart of the Arabic Collections Online (ACO) project, contributed by Princeton University Libraries.
=533  \\$aElectronic reproduction.$bNew York, N.Y. :$cNew York University,$d2020.$5NNU
=651  \0$aArab countries$xPolitics and government.
=650  \7$aPolitics and government$2fast$0(OCoLC)fst01919741
=651  \7$aArab countries.$2fast$0(OCoLC)fst01240128
=710  2\$aPrinceton University.$bLibrary.
=730  0\$aArabic Collections Online.
=776  08$iPrint version:$aRayyis, Najīb.$tNiḍāl$w(NjP)2774088$w(OCoLC)41100228
=856  40$uhttp://hdl.handle.net/2333.1/8sf7m91c 
=880  1\$6100-01$aريس، نجيب.
=880  10$6245-02$aنضال /$cبقلم نجيب الريس ؛ مقدمة الكتاب بقلم فارس بك الخوري.
=880  \\$6260-03$aدمشق :$bمطبعة القبس،$c1934.
=959  \\$aNNU$bWEB$cGENI$t0$mElectronic access$s01
=999  \\$iNjP_2774088$o(OCoLC)ocm41100228$sprinceton_aco001970$e(ERROR-MISC)$sprinceton_aco001970

