=LDR  01480nam a2200337Mi 4500
=001  2834783
=003  NjP
=006  m\\\\\\\\d\\\\\\\\
=007  cr\cn\|||m|||a
=008  200626s1950\\\\sy\\\\\\o\\\\\000\0\ara\d
=040  \\$aZYU$bara$erda$cZYU
=100  1\$6880-01$aSharīf, Munīr.
=245  13$6880-02$aal-Irādah, sirr taqaddum al-ʻArab wa-al-umam.
=260  \\$6880-03$aDimashq :$bLajnat al-ʻAbqarīyah al-ʻArabīyah,$c[1950]
=300  \\$aonline resource (139 pages)
=336  \\$atext$2rdacontent
=337  \\$acomputer$2rdamedia
=338  \\$aonline resource$2rdacarrier
=500  \\$aPart of the Arabic Collections Online (ACO) project, contributed by Princeton University Libraries.
=533  \\$aElectronic reproduction.$bNew York, N.Y. :$cNew York University,$d2020.$5NNU
=546  \\$aIn Arabic.
=650  \0$aCivilization.
=710  2\$aPrinceton University.$bLibrary.
=730  0\$aArabic Collections Online.
=776  08$iPrint version:$aSharīf, Munīr.$tal-Irādah, sirr taqaddum al-ʻArab wa-al-umam$w(NjP)2834783$w(OCoLC)42914352
=856  40$uhttp://hdl.handle.net/2333.1/pc8673sg 
=880  1\$6100-01$aشريف، منير.
=880  12$6245-02$aالارادة، سر تقدم العرب والامم.
=880  \\$6260-03$aدمشق :$bلجنة العبقرية العربية،$c[1950]
=959  \\$aNNU$bWEB$cGENI$t0$mElectronic access$s01
=999  \\$iNjP_2834783$o(OCoLC)ocm42914352$sprinceton_aco002387$e(ERROR-MISC)$sprinceton_aco002387

