=LDR  02895nam a2200505Mi 4500
=001  634067
=003  NjP
=006  m\\\\\\\\d\\\\\\\\
=007  cr\cn\|||m|||a
=008  200626s1946\\\\sy\\\\\\o\\\\\000\0\ara\d
=040  \\$aZYU$bara$erda$cZYU
=100  1\$6880-01$aKhaṭīb, Muḥammad ibn Kamāl Aḥmad.
=240  10$6880-02$aNaẓrat al-ʻajlān fī aghrāḍ al-Qurʼān
=245  10$6880-03$aMajallat al-tamaddun al-Islāmī tuqaddimu Naẓrat al-ʻajlān fī aghrāḍ al-Qurʼān :$bbi-munāsabāt āyātihi wa-waḥdat al-mawḍūʻ fī suwarih /$cbi-qalam Muḥammad ibn Kamāl Aḥmad al-Khaṭīb.
=246  3\$6880-04$aNaẓrat al-ʻajlān fī aghrāḍ al-Qurʼān
=246  3\$6880-05$aNaẓirat al-ʻajlān fī aghrāḍ al-Qurʼān
=246  3\$6880-06$aTamaddun al-Islāmī
=260  \\$6880-07$aDimashq :$bal-Maṭbaʻah al-ʻAṣrīyah,$c[1946?]
=300  \\$aonline resource (229 pages)
=336  \\$atext$2rdacontent
=337  \\$acomputer$2rdamedia
=338  \\$aonline resource$2rdacarrier
=500  \\$aSupplement to al-sanah 11 of Majallat al-tamaddun al-Islāmī.
=500  \\$aIntrod. dated Shaʻbān 1365.
=500  \\$aCover title.
=500  \\$aPart of the Arabic Collections Online (ACO) project, contributed by Princeton University Libraries.
=533  \\$aElectronic reproduction.$bNew York, N.Y. :$cNew York University,$d2020.$5NNU
=630  00$aQurʼan$xCriticism, interpretation, etc.
=630  07$aQurʼan.$2fast$0(OCoLC)fst01842877
=655  \7$aCriticism, interpretation, etc.$2fast$0(OCoLC)fst01411635
=710  2\$aPrinceton University.$bLibrary.
=730  0\$6880-08$aMajallat al-tamaddun al-Islāmī.
=730  0\$aArabic Collections Online.
=776  08$iPrint version:$aKhaṭīb, Muḥammad ibn Kamāl Aḥmad.$tMajallat al-tamaddun al-Islāmī tuqaddimu Naẓrat al-ʻajlān fī aghrāḍ al-Qurʼān$w(NjP)634067$w(OCoLC)23695584
=856  40$uhttp://hdl.handle.net/2333.1/ffbg7m2q 
=880  1\$6100-01$aخطيب، محمد بن كمال احمد.
=880  10$6240-02$aنظرة العجلان في اغراض القرآن
=880  10$6245-03$aمجلة التمدن الاسلامي تقدم نظرة العجلان في اغراض القرآن :$bبمناسبات آياته ووحدة الموضوع في سوره /$cبقلم محمد بن كمال احمد الخطيب.
=880  3\$6246-04$aنظرة العجلان في اغراض القرآن
=880  3\$6246-05$aنظرة العجلان في اغراض القرآن
=880  3\$6246-06$aتمدن الاسلامي
=880  \\$6260-07$aدمشق :$bالمطبعة العصرية،$c[1946؟]
=880  0\$6730-08$aمجلة التمدن الاسلامي.
=959  \\$aNNU$bWEB$cGENI$t0$mElectronic access$s01
=999  \\$iNjP_634067$o(OCoLC)ocm23695584$sprinceton_aco003962:$e(ERROR-MISC)$sprinceton_aco003962:

