=LDR  01680nam a2200325Mi 4500
=001  2762515
=003  NjP
=006  m\\\\\\\\d\\\\\\\\
=007  cr\cn\|||m|||a
=008  200626s19uu\\\\ua\\\\\\o\\\\\000\0\ara\d
=040  \\$aZYU$bara$erda$cZYU
=245  10$6880-01$aAlf layla wa-layla.
=260  \\$6880-02$aal-Qāhirah :$bMaktabat wa maṭbaʻat Muhammad ʻAlī Ṣubaiḥ wa ʼAulāduh,$c[19--]
=300  \\$aonline resource (4 volumes)
=336  \\$atext$2rdacontent
=337  \\$acomputer$2rdamedia
=338  \\$aonline resource$2rdacarrier
=500  \\$aArabic.
=500  \\$aPart of the Arabic Collections Online (ACO) project, contributed by Princeton University Libraries.
=533  \\$aElectronic reproduction.$bNew York, N.Y. :$cNew York University,$d2020.$5NNU
=650  \0$aTales$zMiddle East.
=710  2\$aPrinceton University.$bLibrary.
=730  0\$aArabic Collections Online.
=776  08$iOnline version:$aArabian nights.$tʼAlf laila wa laila.$dCairo, Maktabat wa maṭbaʻat Muhammad ʻAlī Ṣubaiḥ wa ʼAulāduh [19--]$w(OCoLC)551417497
=776  08$iPrint version:$tAlf layla wa-layla$w(NjP)2762515$w(OCoLC)23507703
=856  40$uhttp://hdl.handle.net/2333.1/b5mkm66p 
=880  10$6245-01$aالف ليلة وليلة.
=880  \\$6260-02$aالقاهرة :$bمكتبة و مطبعة محمد علي صبيح و اولاده،$c[19]
=959  \\$aNNU$bWEB$cGENI$t0$mElectronic access$s01
=999  \\$iNjP_2762515$o(OCoLC)ocm23507703$sprinceton_aco004089:v.1$sprinceton_aco004090:v.2$sprinceton_aco004091:v.3$sprinceton_aco004092:v.4$e(ERROR-MISC)$sprinceton_aco004089:v.1$sprinceton_aco004090:v.2$sprinceton_aco004091:v.3$sprinceton_aco004092:v.4

