=LDR  03151nam a2200505Mi 4500
=001  859010
=003  NjP
=006  m\\\\\\\\d\\\\\\\\
=007  cr\cn\|||m|||a
=008  200626s1904\\\\ua\\\\\\o\\\\\000\0\ara\d
=040  \\$aZYU$bara$erda$cZYU
=100  1\$6880-01$aJanbīhī, Muḥammad.
=240  10$6880-02$aTaṣḥīh al-tarjīḥ bayna Muḥammad wa-al-Masīḥ
=245  10$6880-03$aKitāb taṣḥīh al-tarjīḥ bayna Muḥammad wa-al-Masīḥ /$cMuḥammad al-Janbīhi. Wa-bi-dhaylihi al-Suʼāl al-ʻajīb fī al-radd ʻalá ahl al-ṣalīb / li-nāẓimihi Aḥmad ʻAlī al-Malījī.
=246  3\$6880-04$aTaṣḥīh al-tarjīḥ bayna Muḥammad wa-al-Masīḥ
=246  3\$6880-05$aSuʼāl al-ʻajīb fī al-radd ʻalá ahl al-ṣalīb
=250  \\$6880-06$aal-Ṭabʻah 2.
=260  \\$6880-07$aMiṣr :$bMaṭbaʻat al-Tamaddun,$c1322 [1904 or 1905]
=300  \\$aonline resource (94 pages)
=336  \\$atext$2rdacontent
=337  \\$acomputer$2rdamedia
=338  \\$aonline resource$2rdacarrier
=500  \\$aPart of the Arabic Collections Online (ACO) project, contributed by Princeton University Libraries.
=533  \\$aElectronic reproduction.$bNew York, N.Y. :$cNew York University,$d2020.$5NNU
=650  \0$aIslam$xRelations$xChristianity.
=650  \0$aChristianity and other religions$xIslam.
=650  \7$aChristianity.$2fast$0(OCoLC)fst00859599
=650  \7$aInterfaith relations.$2fast$0(OCoLC)fst01353343
=650  \7$aIslam.$2fast$0(OCoLC)fst00979776
=700  12$6880-08$aMalījī, Aḥmad ʻAlī.$tSuʼāl al-ʻajīb fī al-radd ʻalá ahl al-ṣalīb.
=710  2\$aPrinceton University.$bLibrary.
=730  0\$aArabic Collections Online.
=776  08$iOnline version:$aJanbīhī, Muḥammad.$sTaṣḥīh al-tarjīḥ bayna Muḥammad wa-al-Masīḥ.$tKitāb taṣḥīh al-tarjīḥ bayna Muḥammad wa-al-Masīḥ.$bal-Ṭabʻah 2.$dMiṣr : Maṭbaʻat al-Tamaddun, 1322 [1904 or 1905]$w(OCoLC)780179749
=776  08$iPrint version:$aJanbīhī, Muḥammad.$tKitāb taṣḥīh al-tarjīḥ bayna Muḥammad wa-al-Masīḥ$w(NjP)859010$w(OCoLC)29745540
=856  40$uhttp://hdl.handle.net/2333.1/pzgmsn35 
=880  1\$6100-01$aجنبيهي، محمد.
=880  10$6240-02$aتصحيح الترجيح بين محمد والمسيح 
=880  10$6245-03$aكتاب تصحيح الترجيح بين محمد والمسيح /$cمحمد الجنبيه. وبذيله السؤال العجيب في الرد على اهل الصليب / لناظمه احمد علي المليجي.
=880  3\$6246-04$aتصحيح الترجيح بين محمد والمسيح
=880  3\$6246-05$aسؤال العجيب في الرد على اهل الصليب
=880  \\$6250-06$aالطبعة 2.
=880  \\$6260-07$aمصر :$bمطبعة التمدن،$c1322 [1904 or 1905]
=880  12$6700-08$aمليجي، احمد علي.$tسؤال العجيب في الرد على اهل الصليب.
=959  \\$aNNU$bWEB$cGENI$t0$mElectronic access$s01
=999  \\$iNjP_859010$o(OCoLC)ocm29745540$sprinceton_aco003249$e(ERROR-MISC)$sprinceton_aco003249

