=LDR  01572nam a2200373Mi 4500
=001  822240
=003  NjP
=006  m\\\\\\\\d\\\\\\\\
=007  cr\cn\|||m|||a
=008  200626s1954\\\\ua\\\\\\o\\\\\000\0\ara\d
=040  \\$aZYU$bara$erda$cZYU
=130  0\$6880-01$aQurʼan.
=245  10$6880-02$aQurʼān karīm.
=260  \\$6880-03$aBūlāq :$bAl-Maṭbaʻah al-Amīrīyah,$c1374 [1954]
=300  \\$aonline resource (827, 15 pages)
=336  \\$atext$2rdacontent
=337  \\$acomputer$2rdamedia
=338  \\$aonline resource$2rdacarrier
=500  \\$aCover title.
=500  \\$aReviewed by Muḥammad ibn ʻAlī ibn Khalaf al-Ḥusaynī [and others].
=500  \\$aPart of the Arabic Collections Online (ACO) project, contributed by Princeton University Libraries.
=533  \\$aElectronic reproduction.$bNew York, N.Y. :$cNew York University,$d2020.$5NNU
=630  00$aQurʼan.
=700  1\$6880-04$aḤusaynī, Muḥammad ibn ʻAlī ibn Khalaf.
=710  2\$aPrinceton University.$bLibrary.
=730  0\$aArabic Collections Online.
=776  08$iPrint version:$tQurʼān karīm$w(NjP)822240$w(OCoLC)28544968
=856  40$uhttp://hdl.handle.net/2333.1/dz08m0fp 
=880  0\$6130-01$aقرأن.
=880  10$6245-02$aقرآن كريم.
=880  \\$6260-03$aبولاق :$bالمطبعة الاميرية،$c1374 [1954]
=880  1\$6700-04$aحسيني، محمد بن علي بن خلف.
=959  \\$aNNU$bWEB$cGENI$t0$mElectronic access$s01
=999  \\$iNjP_822240$o(OCoLC)ocm28544968$sprinceton_aco004386:$e(ERROR-MISC)$sprinceton_aco004386:

