=LDR  02042nam a2200397Mi 4500
=001  403093
=003  NjP
=006  m\\\\\\\\d\\\\\\\\
=007  cr\cn\|||m|||a
=008  200626s1883\\\\xx\\\\\\o\\\\\000\0\ara\\
=040  \\$aZYU$bara$erda$cZYU
=043  \\$af-ua---
=050  00$aDT83$b.A6
=100  0\$6880-01$aAḥmad Kamāl Bāshā,$d1851-1923.
=245  13$6880-02$aal-ʻIqd al-thamīn fī maḥāsin akhbār wa-badāʼiʻ āthār al-aqdamīn min al-Miṣrīyīn.
=260  \\$a[Place of publication not identified] :$bpublisher not identified],$c[1883]
=300  \\$aonline resource (244, 9 pages)
=336  \\$atext$2rdacontent
=337  \\$acomputer$2rdamedia
=338  \\$aonline resource$2rdacarrier
=500  \\$aRomanized.
=500  \\$aPart of the Arabic Collections Online (ACO) project, contributed by Princeton University Libraries.
=533  \\$aElectronic reproduction.$bNew York, N.Y. :$cNew York University,$d2020.$5NNU
=651  \0$aEgypt$xHistory$yTo 332 B.C.
=651  \7$aEgypt.$2fast$0(OCoLC)fst01208755
=648  \7$aTo 332 B.C.$2fast
=655  \7$aHistory.$2fast$0(OCoLC)fst01411628
=710  2\$aPrinceton University.$bLibrary.
=730  0\$aArabic Collections Online.
=776  08$iOnline version:$aAhmad Kamāl, bey, 1850-$tʻIqd al-thamīn fī maḥāsin akhbār wa-badāʼiʻ āthār al-aqdamīn min al-Miṣrīyīn.$d[1883]$w(OCoLC)602132879
=776  08$iPrint version:$aAḥmad Kamāl Bāshā, 1851-1923.$tal-ʻIqd al-thamīn fī maḥāsin akhbār wa-badāʼiʻ āthār al-aqdamīn min al-Miṣrīyīn$w(NjP)403093$w(DLC) 58042970 $w(OCoLC)23484434
=856  40$uhttp://hdl.handle.net/2333.1/bg79czcm 
=880  0\$6100-01$aاحمد كمال باشا،$d1851-1923.
=880  12$6245-02$aالعقد الثمين في محاسن اخبار وبدائع آثار الاقدمين من المصريين.
=959  \\$aNNU$bWEB$cGENI$t0$mElectronic access$s01
=999  \\$iNjP_403093$o(OCoLC)ocm23484434$sprinceton_aco004175:$e(ERROR-880)$sprinceton_aco004175:

