=LDR  02041nam a2200361Mi 4500
=001  2579848
=003  NjP
=006  m\\\\\\\\d\\\\\\\\
=007  cr\cn\|||m|||a
=008  200626s1882\\\\ua\\\\\\o\\\\\000\0\ara\d
=040  \\$aZYU$bara$erda$cZYU
=100  0\$6880-01$aḤarīrī,$d1054-1122.
=245  10$6880-02$aKitāb Maqāmāt al-Ḥarīrī fī al-lughah al-ʻArabīyah wa-al-funūn al-adabīyah bi-al-tamām wa-al-kamāl, wa-al-ḥamd li-Allāh ʻalá kull ḥāl.
=260  \\$6880-03$aal-Qāhirah :$bDār al-Ṭibāʻah al-Bāhirah,$c1266 [1850]
=300  \\$aonline resource (419 pages)
=336  \\$atext$2rdacontent
=337  \\$acomputer$2rdamedia
=338  \\$aonline resource$2rdacarrier
=500  \\$aPart of the Arabic Collections Online (ACO) project, contributed by Princeton University Libraries.
=533  \\$aElectronic reproduction.$bNew York, N.Y. :$cNew York University,$d2020.$5NNU
=546  \\$aIn Arabic.
=650  \0$aArabic poetry$vEarly works to 1800.
=650  \0$aMaqamah.
=710  2\$aPrinceton University.$bLibrary.
=730  0\$aArabic Collections Online.
=776  08$iOnline version:$aḤarīrī, 1054-1122.$tMaqāmāt al-adabīyah .$d[Cairo, 1299 [1882]]$w(OCoLC)656752968
=776  08$iPrint version:$aḤarīrī, 1054-1122.$tKitāb Maqāmāt al-Ḥarīrī fī al-lughah al-ʻArabīyah wa-al-funūn al-adabīyah bi-al-tamām wa-al-kamāl, wa-al-ḥamd li-Allāh ʻalá kull ḥāl$w(NjP)2579848$w(OCoLC)41973021
=856  40$uhttp://hdl.handle.net/2333.1/8931zpd6 
=880  0\$6100-01$aحريري،$d1054-1122.
=880  10$6245-02$aكتاب مقامات الحريري في اللغة العربية والفنون الادبية بالتمام والكمال، والحمد لله على كل حال.
=880  \\$6260-03$aالقاهرة :$bدار الطباعة الباهرة،$c1266 [1850]
=959  \\$aNNU$bWEB$cGENI$t0$mElectronic access$s01
=999  \\$iNjP_2579848$o(OCoLC)ocm41973021$sprinceton_aco004286:$e(ERROR-MISC)$sprinceton_aco004286:

