=LDR  02526nam a2200421Mi 4500
=001  981842
=003  NjP
=006  m\\\\\\\\d\\\\\\\\
=007  cr\cn\|||m|||a
=008  200626s1838\\\\ua\\\\\\o\\\\\000\0\ara\d
=040  \\$aZYU$bara$erda$cZYU
=050  14$aGB53$b.L3512 1838
=100  1\$6880-01$aLamouroux,$cM.$q(Jean Vincent Félix),$d1779-1825.
=240  10$aRésumé d'un cours élémentaire de géographie physique.$lArabic
=245  13$6880-02$aal-Dirāsah al-awwalīyah fī al-jughrāfiyā al-ṭabīʻīyah /$c[allafahu Fīliks Lāmrūs ; mutarjimuhu Aḥmad al-Rashīdī].
=260  \\$6880-03$aBūlāq :$bDār al-Ṭibāʻah al-ʻĀmirah,$c1254 [1838]
=300  \\$aonline resource (8, 236 pages)
=336  \\$atext$2rdacontent
=337  \\$acomputer$2rdamedia
=338  \\$aonline resource$2rdacarrier
=500  \\$aCaption title.
=500  \\$aPart of the Arabic Collections Online (ACO) project, contributed by Princeton University Libraries.
=533  \\$aElectronic reproduction.$bNew York, N.Y. :$cNew York University,$d2020.$5NNU
=650  \0$aPhysical geography.
=650  \7$aPhysical geography.$2fast$0(OCoLC)fst01062647
=700  1\$6880-04$aRash⁻id⁻i, Aḥmad ibn Ḥasan,$d-1865 or 1866.
=710  2\$aPrinceton University.$bLibrary.
=730  0\$aArabic Collections Online.
=776  08$iOnline version:$aLamouroux, M. (Jean Vincent Félix), 1779-1825.$sRésumé d'un cours élémentaire de géographie physique. Arabic.$tDirāsah al-awwalīyah fī al-jughrāfiyā al-ṭabīʻīyah.$dB⁻ul⁻aq : D⁻ar al-Ṭib⁻aʻah al-ʻ⁻Amirah, 1254 [1838]$w(OCoLC)656673293
=776  08$iPrint version:$aLamouroux, M. (Jean Vincent Félix), 1779-1825.$tal-Dirāsah al-awwalīyah fī al-jughrāfiyā al-ṭabīʻīyah$w(NjP)981842$w(OCoLC)32787937
=856  41$3Internet Archive, UNC Chapel Hill copy$uhttps://archive.org/details/aldirasahalawwal00lamo
=856  40$uhttp://hdl.handle.net/2333.1/zkh18kw0 
=880  1\$6100-01$aلامروس، فيلكس،$d1779-1825.
=880  12$6245-02$aالدراسة الاولية في الجغرافيا الطبيعية /$c[الفه فيلكس لامروس ؛ مترجمه احمد الرشيدي].
=880  \\$6260-03$aبولاق :$bدار الطباعة العامرة،$c1254 [1838]
=880  1\$6700-04$aرشيدي، احمد بن حسن.
=959  \\$aNNU$bWEB$cGENI$t0$mElectronic access$s01
=999  \\$iNjP_981842$o(OCoLC)ocm32787937$sprinceton_aco004213:$e(ERROR-880)$sprinceton_aco004213:

