=LDR  02504nam a2200409Mi 4500
=001  1087275
=003  NjP
=006  m\\\\\\\\d\\\\\\\\
=007  cr\cn\|||m|||a
=008  200626s18uu\\\\mr\a\\\\o\\\\\000\0\ara\d
=040  \\$aZYU$bara$erda$cZYU
=050  14$aQA165.J393$bA24 1800zq
=100  1\$6880-01$aAbū al-Ṣabbāgh.
=240  10$6880-02$aSharḥ ʻalá Urjūzat al-Jaznāʼī
=245  10$6880-03$aHādhā Sharḥ al-ʻAllāmah Abī al-Ṣabbāgh ʻalá Urjūzat Sayyid Abī Jaʻfar ʻUmar al-Jaznāʼī al-mawsūmah bi-al-Nūr al-munīr fī ṣināʻatay al-tawfīq wa-al-taksīr.
=246  30$6880-04$aSharḥ al-ʻAllāmah Abī al-Ṣabbāgh ʻalá Urjūzat Sayyid Abī Jaʻfar ʻUmar al-Jaznāʼī ...
=260  \\$a[Morocco?] :$b[publisher not identified],$c[18--?]
=300  \\$aonline resource (47 pages) :$billustrations
=336  \\$atext$2rdacontent
=337  \\$acomputer$2rdamedia
=338  \\$aonline resource$2rdacarrier
=500  \\$aPart of the Arabic Collections Online (ACO) project, contributed by Princeton University Libraries.
=533  \\$aElectronic reproduction.$bNew York, N.Y. :$cNew York University,$d2020.$5NNU
=600  10$aJaznāʼī, ʻUmar ibn ʻAbd al-Raḥmān,$dactive 17th century.$tUrjūzah.
=650  \0$aMagic squares$vEarly works to 1800.
=650  \7$aMagic squares.$2fast$0(OCoLC)fst01005506
=655  \7$aEarly works.$2fast$0(OCoLC)fst01411636
=710  2\$aPrinceton University.$bLibrary.
=730  0\$aArabic Collections Online.
=776  08$iPrint version:$aAbū al-Ṣabbāgh.$tHādhā Sharḥ al-ʻAllāmah Abī al-Ṣabbāgh ʻalá Urjūzat Sayyid Abī Jaʻfar ʻUmar al-Jaznāʼī al-mawsūmah bi-al-Nūr al-munīr fī ṣināʻatay al-tawfīq wa-al-taksīr$w(NjP)1087275$w(OCoLC)35729091
=856  40$uhttp://hdl.handle.net/2333.1/pzgmsn2x 
=880  1\$6100-01$aابو الصباغ.
=880  10$6240-02$aشرح على ارجوزة الجزنائي
=880  10$6245-03$aهذا شرح العلامة ابي الصباغ على ارجوزة سيد ابي جعفر عمر الجزنائي الموسومة بالنور المنير في صناعتي التوفيق والتكسير.
=880  30$6246-04$aشرح العلامة ابي الصباغ على ارجوزة سيد ابي جعفر عمر الجزنائي ...
=959  \\$aNNU$bWEB$cGENI$t0$mElectronic access$s01
=999  \\$iNjP_1087275$o(OCoLC)ocm35729091$sprinceton_aco004277:$e(ERROR-880)$sprinceton_aco004277:

