=LDR  01472nam a2200337Mi 4500
=001  2788212
=003  NjP
=006  m\\\\\\\\d\\\\\\\\
=007  cr\cn\|||m|||a
=008  200626s1947\\\\iq\\\\\\o\\\\\000\0\ara\d
=040  \\$aZYU$bara$erda$cZYU
=100  1\$6880-01$aMuẓaffar, Muḥammad Ḥusayn.
=245  13$6880-02$aal-Ṭhaqalān, al-kitāb wa-al-ʻitrah.
=260  \\$6880-03$aal-Najaf :$bMaṭbaʻat al-Zahrāʼ,$c1947.
=300  \\$aonline resource (109 pages)
=336  \\$atext$2rdacontent
=337  \\$acomputer$2rdamedia
=338  \\$aonline resource$2rdacarrier
=500  \\$aPart of the Arabic Collections Online (ACO) project, contributed by Princeton University Libraries.
=533  \\$aElectronic reproduction.$bNew York, N.Y. :$cNew York University,$d2020.$5NNU
=546  \\$aIn Arabic.
=650  \0$aMahdism$xHistory.
=710  2\$aPrinceton University.$bLibrary.
=730  0\$aArabic Collections Online.
=776  08$iPrint version:$aMuẓaffar, Muḥammad Ḥusayn.$tal-Ṭhaqalān, al-kitāb wa-al-ʻitrah$w(NjP)2788212$w(OCoLC)42866785
=856  40$uhttp://hdl.handle.net/2333.1/5tb2rn91 
=880  1\$6100-01$aمظفر، محمد حسين.
=880  12$6245-02$aالثقلان، الكتاب والعترة.
=880  \\$6260-03$aالنجف :$bمطبعة الزهراء،$c1947.
=959  \\$aNNU$bWEB$cGENI$t0$mElectronic access$s01
=999  \\$iNjP_2788212$o(OCoLC)ocm42866785$sprinceton_aco004405:$e(ERROR-MISC)$sprinceton_aco004405:

