=LDR  01726nam a2200349Mi 4500
=001  2787681
=003  NjP
=006  m\\\\\\\\d\\\\\\\\
=007  cr\cn\|||m|||a
=008  200626s1933\\\\ir\\\\\\o\\\\\000\0\ara\d
=040  \\$aZYU$bara$erda$cZYU
=100  1\$6880-01$aYazdī al-Ḥāʼirī, ʻAlī,$d-1914 or 1915.
=245  10$6880-02$aIlzām al-nāṣib fi ithbāt al-ḥujjah al-ghāʼib /$ctaʼlīf ʻAlī al-Yazdī al-Ḥāʼirī.
=260  \\$6880-03$aIṣfahān :$bMaṭbaʻat Gulbahār,$c1351 [1932]
=300  \\$aonline resource (264 pages)
=336  \\$atext$2rdacontent
=337  \\$acomputer$2rdamedia
=338  \\$aonline resource$2rdacarrier
=500  \\$aPart of the Arabic Collections Online (ACO) project, contributed by Princeton University Libraries.
=533  \\$aElectronic reproduction.$bNew York, N.Y. :$cNew York University,$d2020.$5NNU
=546  \\$aIn Arabic.
=650  \0$aMahdi.
=650  \7$aMahdi.$2fast$0(OCoLC)fst01005989
=710  2\$aPrinceton University.$bLibrary.
=730  0\$aArabic Collections Online.
=776  08$iPrint version:$aYazdī al-Ḥāʼirī, ʻAlī, -1914 or 1915.$tIlzām al-nāṣib fi ithbāt al-ḥujjah al-ghāʼib$w(NjP)2787681$w(OCoLC)42856746
=856  40$uhttp://hdl.handle.net/2333.1/73n5tmr8 
=880  1\$6100-01$aيزدي الحائري، علي،$d-1914 or 1915.
=880  10$6245-02$aالزام الناصب ف اثبات الحجة الغائب /$cتأليف علي اليزدي الحائري.
=880  \\$6260-03$aاصفهان :$bمطبعة گلبهار،$c1351 [1932]
=959  \\$aNNU$bWEB$cGENI$t0$mElectronic access$s01
=999  \\$iNjP_2787681$o(OCoLC)ocm42856746$sprinceton_aco004279:$e(ERROR-MISC)$sprinceton_aco004279:

