=LDR  01531nam a2200325Mi 4500
=001  2579840
=003  NjP
=006  m\\\\\\\\d\\\\\\\\
=007  cr\cn\|||m|||a
=008  200626m19291932ua\\\\\\o\\\\\000\0\ara\d
=040  \\$aZYU$bara$erda$cZYU
=245  03$6880-01$aal-Kitāb al-Muqaddas :$bal-'Ahd al-'atīq.
=260  \\$6880-02$aBayrūt :$bMaṭbaʻat al-Mursalīn al-Yasūʻiyyīn,$c1929-1932.
=300  \\$aonline resource (3 volumes)
=336  \\$atext$2rdacontent
=337  \\$acomputer$2rdamedia
=338  \\$aonline resource$2rdacarrier
=500  \\$aPart of the Arabic Collections Online (ACO) project, contributed by Princeton University Libraries.
=533  \\$aElectronic reproduction.$bNew York, N.Y. :$cNew York University,$d2020.$5NNU
=546  \\$aTitle-page and text in Arabic.
=630  00$aBible. 
=710  2\$aJesuits.$bBeirut.
=710  2\$aPrinceton University.$bLibrary.
=730  0\$aArabic Collections Online.
=776  08$iPrint version:$tal-Kitāb al-Muqaddas$w(NjP)2579840$w(OCoLC)41972513
=856  40$uhttp://hdl.handle.net/2333.1/j9kd5b37 
=880  02$6245-01$aالكتاب المقدس :$bالعهد العتيق.
=880  \\$6260-02$aبيروت :$bمطبعة المرسلين اليسوعيين،$c1929-1932.
=959  \\$aNNU$bWEB$cGENI$t0$mElectronic access$s01
=999  \\$iNjP_2579840$o(OCoLC)ocm41972513$sprinceton_aco004051:v.2$sprinceton_aco004194:v.1$sprinceton_aco004205:v.3$e(ERROR-880)(ERROR-MISC)$sprinceton_aco004051:v.2$sprinceton_aco004194:v.1$sprinceton_aco004205:v.3

