=LDR  01786nam a2200337Mi 4500
=001  2834234
=003  NjP
=006  m\\\\\\\\d\\\\\\\\
=007  cr\cn\|||m|||a
=008  200626s1950\\\\ir\\\\\\o\\\\\000\0\ara\d
=040  \\$aZYU$bara$erda$cZYU
=100  1\$6880-01$aMufīd al-Ṭabāṭaāʼī, Muḥammad Kāẓim ibn Muḥammad Riḍā,$d1879 or 1880-
=245  13$6880-02$aHuwa al-mujallad al-awwal min kitāb al-Tazkiyah fī sharḥ al-Tabṣirah.
=260  \\$6880-03$a[Tabrīz?] :$b[publisher not identified],$c1370 [1950/51]
=300  \\$aonline resource (volumes)
=336  \\$atext$2rdacontent
=337  \\$acomputer$2rdamedia
=338  \\$aonline resource$2rdacarrier
=500  \\$aPart of the Arabic Collections Online (ACO) project, contributed by Princeton University Libraries.
=533  \\$aElectronic reproduction.$bNew York, N.Y. :$cNew York University,$d2020.$5NNU
=546  \\$aIn Arabic.
=650  \0$aIslamic law.
=710  2\$aPrinceton University.$bLibrary.
=730  0\$aArabic Collections Online.
=776  08$iPrint version:$aMufīd al-Ṭabāṭaāʼī, Muḥammad Kāẓim ibn Muḥammad Riḍā, 1879 or 1880-$tHuwa al-mujallad al-awwal min kitāb al-Tazkiyah fī sharḥ al-Tabṣirah$w(NjP)2834234$w(OCoLC)42896765
=856  40$uhttp://hdl.handle.net/2333.1/1893282d 
=880  1\$6100-01$aمفيد الطباطائي، محمد كاظم بن محمد رضا،$d1879 or 1880-
=880  12$6245-02$aهو المجلد الاول من كتاب التزكية في شرح التبصرة.
=880  \\$6260-03$a[تبريز؟] :$b[publisher not identified]،$c1370 [1950/51]
=959  \\$aNNU$bWEB$cGENI$t0$mElectronic access$s01
=999  \\$iNjP_2834234$o(OCoLC)ocm42896765$sprinceton_aco004388:v.1$e(ERROR-MISC)$sprinceton_aco004388:v.1

