=LDR  01944nam a2200337Mi 4500
=001  2780240
=003  NjP
=006  m\\\\\\\\d\\\\\\\\
=007  cr\cn\|||m|||a
=008  200626s1954\\\\iq\\\\\\o\\\\\000\0\ara\d
=040  \\$aZYU$bara$erda$cZYU
=110  1\$6880-01$aGreat Britain.$bCentral Office of Information.
=245  10$6880-02$aḤawādith al-ʻIrāq fī sanat 1941:$bkamā tarwīhā Wizārat al-Ḥarb al-Barīṭānīyah wa-al-Mistar Tshurshil fī mudhakkirātihi /$cNaqalahā ilā al-ʻArabīyah Jaʻfar Khayyāṭ.
=260  \\$6880-03$aBayrūt : Dār al-Kashshāf,$c1954.
=300  \\$aonline resource (80 pages)
=336  \\$atext$2rdacontent
=337  \\$acomputer$2rdamedia
=338  \\$aonline resource$2rdacarrier
=500  \\$aArabic translation of chapters 4-8 of Paiforce: the official story of the Persia and Iraq command.
=500  \\$aPart of the Arabic Collections Online (ACO) project, contributed by Princeton University Libraries.
=533  \\$aElectronic reproduction.$bNew York, N.Y. :$cNew York University,$d2020.$5NNU
=650  \0$aIraq$xHistory.
=710  2\$aPrinceton University.$bLibrary.
=730  0\$aArabic Collections Online.
=776  08$iPrint version:$aGreat Britain. Central Office of Information.$tḤawādith al-ʻIrāq fī sanat 1941$w(NjP)2780240$w(OCoLC)42692709
=856  40$uhttp://hdl.handle.net/2333.1/kh189cqq 
=880  1\$6110-01$aبريطانيا العظمى.$bالمكتب المركزي للمعلومات.
=880  10$6245-02$aحوادث العراق في سنة 1941:$bكما ترويها وزارة الحرب البريطانية والمستر تشرشل في مذكراته /$cنقلها الى العربية جعفر خياط.
=880  \\$6260-03$aبيروت : دار الكشاف،$c1954.
=959  \\$aNNU$bWEB$cGENI$t0$mElectronic access$s01
=999  \\$iNjP_2780240$o(OCoLC)ocm42692709$sprinceton_aco003981:$e(ERROR-MISC)$sprinceton_aco003981:

