=LDR  02448nam a2200397Mi 4500
=001  2771842
=003  NjP
=006  m\\\\\\\\d\\\\\\\\
=007  cr\cn\|||m|||a
=008  200626s1960\\\\sy\\\\\\o\\\\\000\0\ara\d
=040  \\$aZYU$bara$erda$cZYU
=100  1\$6880-01$aIstānbūlī, Maḥmūd Mahdī.
=245  10$6880-02$aDīn al-ghad :$bMuʻjizāt al-Qurʼān al-karīm fī al-ʻilm wa-al-siyāsah wa-al-ijtimāʻ bi-al-lughatayn al-ʻArabīyah wa-al-Inkilīzīyah /$ctaʼlīf Maḥmūd Mahdī al-Istānbūlī.
=246  15$aFuture religion of humanity
=246  3\$6880-03$aMuʻjizāt al-Qurʼān al-karīm fī al-ʻilm wa-al-siyāsah wa-al-ijtimāʻ bi-al-lughatayn al-ʻArabīyah wa-al-Inkilīzīyah
=260  \\$6880-04$aDimashq :$bMaṭbūʻāt al-Tamaddun al-Islāmī,$c1960.
=300  \\$aonline resource (77 pages)
=336  \\$atext$2rdacontent
=337  \\$acomputer$2rdamedia
=338  \\$aonline resource$2rdacarrier
=500  \\$aPart of the Arabic Collections Online (ACO) project, contributed by Princeton University Libraries.
=533  \\$aElectronic reproduction.$bNew York, N.Y. :$cNew York University,$d2020.$5NNU
=650  \0$aIslam$xAppreciation.
=650  \7$aIslam$xAppreciation.$2fast$0(OCoLC)fst00979779
=700  12$6880-05$aIstānbūlī, Maḥmūd Mahdī.$tFuture religion of humanity.
=710  2\$aPrinceton University.$bLibrary.
=730  0\$aArabic Collections Online.
=776  08$iPrint version:$aIstānbūlī, Maḥmūd Mahdī.$tDīn al-ghad$w(NjP)2771842$w(OCoLC)36683879
=856  40$uhttp://hdl.handle.net/2333.1/m905qrk6 
=880  1\$6100-01$aاستانبولي، محمود مهدي.
=880  10$6245-02$aدين الغد :$bمعجزات القرآن الكريم في العلم والسياسة والاجتماع باللغتين العربية والانكليزية /$cتأليف محمود مهدي الاستانبولي.
=880  3\$6246-03$aمعجزات القرآن الكريم في العلم والسياسة والاجتماع باللغتين العربية والانكليزية
=880  \\$6260-04$aدمشق :$bمطبوعات التمدن الاسلامي،$c1960.
=880  12$6700-05$aاستانبولي، محمود مهدي.$tFuture religion of humanity.
=959  \\$aNNU$bWEB$cGENI$t0$mElectronic access$s01
=999  \\$iNjP_2771842$o(OCoLC)ocm36683879$sprinceton_aco004020:$e(ERROR-880)(ERROR-MISC)$sprinceton_aco004020:

