=LDR  02584nam a2200409Mi 4500
=001  417773
=003  NjP
=006  m\\\\\\\\d\\\\\\\\
=007  cr\cn\|||m|||a
=008  200626s1928\\\\ua\\\\\\o\\\\\000\0\ara\d
=040  \\$aZYU$bara$erda$cZYU
=043  \\$aa-sy---
=110  2\$6880-01$aḤizb al-Shaʻb al-Sūrī.
=245  13$6880-02$aal-Ṣaḥāʼif al-sawdāʼ fī tārīkh al-thawrah al-Sūrīyah al-majīd :$bal-nasharāt al-khams al-ūlá allatī aṣdarahā Ḥizb al-Shaʻb al-Sūrī ʻan ʻawāmil al-khilāf al-nāshib bayna al-hayʼāt al-Sūrīyah bi-Miṣr : wathāʼiq tārīkhīyah khaṭīrah takshf al-sitār ʻan al-ʻabath bi-raghāib al-shaʻab wa al-istihzāʼ bi-amāniyh al-muqaddash.
=250  \\$6880-03$aṬabʻah 2, munaqqaḥah.
=260  \\$6880-04$aal-Qāhirah :$b[publisher not identified],$c1928.
=300  \\$aonline resource (53 pages)
=336  \\$atext$2rdacontent
=337  \\$acomputer$2rdamedia
=338  \\$aonline resource$2rdacarrier
=500  \\$aPart of the Arabic Collections Online (ACO) project, contributed by Princeton University Libraries.
=533  \\$aElectronic reproduction.$bNew York, N.Y. :$cNew York University,$d2020.$5NNU
=651  \0$aSyria$xHistory$yInsurrection, 1925-1927.
=651  \7$aSyria.$2fast$0(OCoLC)fst01208757
=647  \7$aInsurrection$c(Syria :$d1925-1927)$2fast$0(OCoLC)fst01353321
=648  \7$a1925-1927$2fast
=655  \7$aHistory.$2fast$0(OCoLC)fst01411628
=710  2\$aPrinceton University.$bLibrary.
=730  0\$aArabic Collections Online.
=776  08$iPrint version:$aḤizb al-Shaʻb al-Sūrī.$tal-Ṣaḥāʼif al-sawdāʼ fī tārīkh al-thawrah al-Sūrīyah al-majīd$w(NjP)417773$w(OCoLC)77752496
=856  40$uhttp://hdl.handle.net/2333.1/mcvdnp8z 
=880  2\$6110-01$aحزب الشعب السوري.
=880  12$6245-02$aالصحائف السوداء في تاريخ الثورة السورية المجيد :$bالنشرات الخمس الاولى التي اصدرها حزب الشعب السوري عن عوامل الخلاف الناشب بين الهيئات السورية بمصر : وثائق تاريخية خطيرة تكشف الستار عن العبث برغائب الشعب و الاستهزاء بامانيه المقدسة.
=880  \\$6250-03$aطبعة 2، منقحة.
=880  \\$6260-04$aالقاهرة :$b[publisher not identified]،$c1928.
=959  \\$aNNU$bWEB$cGENI$t0$mElectronic access$s01
=999  \\$iNjP_417773$o(OCoLC)ocm77752496$sprinceton_aco003705:$e(ERROR-MISC)$sprinceton_aco003705:

