=LDR  01658nam a2200349Mi 4500
=001  113380
=003  NjP
=006  m\\\\\\\\d\\\\\\\\
=007  cr\cn\|||m|||a
=008  200626s1912\\\\ae\\\\\\o\\\\\001\0\ara\d
=040  \\$aZYU$bara$erda$cZYU
=041  0\$aara$afre
=100  1\$aMuḥammad, Suwālah.
=245  12$aL'auxiliare de l'arabisant ... :$bà l'usage des écoles, des commerçants, des industriels et des hommes d'affaires /$cpar Soualah Mohammed.
=250  \\$a2e éd., augm. et complétement transformée.
=260  \\$aAlger :$bA. Jourdan,$c1912.
=300  \\$aonline resource (xxii, 258 pages)
=336  \\$atext$2rdacontent
=337  \\$acomputer$2rdamedia
=338  \\$aonline resource$2rdacarrier
=500  \\$aIncludes index.
=500  \\$aPart of the Arabic Collections Online (ACO) project, contributed by Princeton University Libraries.
=533  \\$aElectronic reproduction.$bNew York, N.Y. :$cNew York University,$d2020.$5NNU
=650  \0$aLetter writing, Arabic.
=650  \7$aLetter writing, Arabic.$2fast$0(OCoLC)fst00996712
=710  2\$aPrinceton University.$bLibrary.
=730  0\$aArabic Collections Online.
=776  08$iOnline version:$aMuḥammad, Suwālah.$tAuxiliare de l'arabisant .$b2e éd., augm. et complétement transformée.$dAlger : A. Jourdan, 1912$w(OCoLC)657033389
=776  08$iPrint version:$aMuḥammad, Suwālah.$tL'auxiliare de l'arabisant$w(NjP)113380$w(OCoLC)26629480
=856  40$uhttp://hdl.handle.net/2333.1/573n63z0 
=959  \\$aNNU$bWEB$cGENI$t0$mElectronic access$s01
=999  \\$iNjP_113380$o(OCoLC)ocm26629480$sprinceton_aco003069$e(ERROR-880)(ERROR-MISC)$sprinceton_aco003069

