=LDR  01820nam a2200349Mi 4500
=001  828930
=003  NjP
=006  m\\\\\\\\d\\\\\\\\
=007  cr\cn\|||m|||a
=008  200626s1881\\\\ua\\\\\\o\\\\\000\0\araod
=040  \\$aZYU$bara$erda$cZYU
=100  1\$6880-01$aJazāʼirī, Maḥmūd ibn Muḥammad‏‏‏.
=245  10$6880-02$aHādhā majmūʻ muzdawajāt /$cli-jamāʻah min al-afāḍil.
=260  \\$6880-03$aMiṣr :$bal-Maṭbaʻah al-Ḥajarīyah al-Azharīyah,$c[1881 or 1882]
=300  \\$aonline resource (135 pages)
=336  \\$atext$2rdacontent
=337  \\$acomputer$2rdamedia
=338  \\$aonline resource$2rdacarrier
=500  \\$aPart of the Arabic Collections Online (ACO) project, contributed by Princeton University Libraries.
=533  \\$aElectronic reproduction.$bNew York, N.Y. :$cNew York University,$d2020.$5NNU
=650  \0$aArabic poetry.
=650  \7$aArabic poetry.$2fast$0(OCoLC)fst00812533
=710  2\$aPrinceton University.$bLibrary.
=730  0\$aArabic Collections Online.
=776  08$iOnline version:$aMajmūʻ muzdawajāt.$tHādhā majmūʻ muzdawajāt.$dMiṣr : al-Maṭbaʻah al-Ḥajarīyah al-Azharīyah, [1881 or 1882]$w(OCoLC)657091422
=776  08$iPrint version:$aJazāʼirī, Maḥmūd ibn Muḥammad‏‏‏.$tHādhā majmūʻ muzdawajāt$w(NjP)828930$w(OCoLC)28713461
=856  40$uhttp://hdl.handle.net/2333.1/1vhhmsbn 
=880  1\$6100-01$aجزائري، محمود بن محمد.
=880  10$6245-02$aهذا مجموع مزدوجات /$cلجماعة من الافاضل.
=880  \\$6260-03$aمصر :$bالمطبعة الحجرية الأزهرية،$c[1881 or 1882]
=959  \\$aNNU$bWEB$cGENI$t0$mElectronic access$s01
=999  \\$iNjP_828930$o(OCoLC)ocm28713461$sprinceton_aco002840$e(ERROR-MISC)$sprinceton_aco002840

