=LDR  02132nam a2200421Mi 4500
=001  878536
=003  NjP
=006  m\\\\\\\\d\\\\\\\\
=007  cr\cn\|||m|||a
=008  200626s1988\\\\ir\\\\\\ob\\\\000\0\ara\d
=040  \\$aZYU$bara$erda$cZYU
=100  1\$6880-01$aGharawī al-Dashtī, Muḥammad Jawād,$d1922 or 1923-1987 or 1988.
=240  10$6880-02$aṬalāq
=245  10$6880-03$aKitāb al-Ṭalāq :$bfrūʻ mutaṣayyidah /$ctaʼlīf Muḥammad Jawād al-Gharawī al-Dashtī ; qaddama la-hu wa-ṣaḥḥaḥahu Muḥammad Ḥasan al-Gharawī.
=246  3\$6880-04$aṬalāq
=250  \\$6880-05$aal-Ṭabʻah 1.
=260  \\$6880-06$aQum :$bMaktabat Buṣayrtī,$c1409 [1988 or 1989]
=300  \\$aonline resource (339 pages)
=336  \\$atext$2rdacontent
=337  \\$acomputer$2rdamedia
=338  \\$aonline resource$2rdacarrier
=500  \\$aPart of the Arabic Collections Online (ACO) project, contributed by Princeton University Libraries.
=504  \\$aIncludes bibliographical references.
=533  \\$aElectronic reproduction.$bNew York, N.Y. :$cNew York University,$d2020.$5NNU
=650  \0$aDivorce (Islamic law)
=650  \7$aDivorce (Islamic law)$2fast$0(OCoLC)fst00895870
=710  2\$aPrinceton University.$bLibrary.
=730  0\$aArabic Collections Online.
=776  08$iPrint version:$aGharawī al-Dashtī, Muḥammad Jawād, 1922 or 1923-1987 or 1988.$tKitāb al-Ṭalāq$w(NjP)878536$w(OCoLC)30344977
=856  40$uhttp://hdl.handle.net/2333.1/34tmprt4 
=880  1\$6100-01$aغروي الدشتي، محمد جواد،$d1922 or 1923-1987 or 1988.
=880  10$6240-02$aطلاق 
=880  10$6245-03$aكتاب الطلاق :$bفروع متصيدة /$cتأليف محمد جواد الغروي الدشتي ؛ قدم له وصححه محمد حسن الغروي.
=880  3\$6246-04$aطلاق
=880  \\$6250-05$aالطبعة 1.
=880  \\$6260-06$aقم :$bمكتبة بصيرتي،$c1409 [1988 or 1989]
=959  \\$aNNU$bWEB$cGENI$t0$mElectronic access$s01
=999  \\$iNjP_878536$o(OCoLC)ocm30344977$sprinceton_aco003777:$e(ERROR-MISC)$sprinceton_aco003777:

