=LDR  02103nam a2200397Mi 4500
=001  1564379
=003  NjP
=006  m\\\\\\\\d\\\\\\\\
=007  cr\cn\|||m|||a
=008  200626s1967\\\\iq\\\\\\ob\\\\000\0\arar\
=040  \\$aZYU$bara$erda$cZYU
=043  \\$aa-iq---
=050  04$aDS51.B3$bF3
=100  1\$6880-01$aFahd, Badrī Muḥammad.
=245  14$6880-02$aal-ʻĀmmah bi-Baghdād fī al-qarn al-khāmis al-Hijrī :$bbaḥth tārīkhī fī al-ḥayāt al-ijtimāʻīyah li-jamāhīr Baghdād /$ctaʼlīf Badrī Muḥammad Fahd.
=246  14$aCommon people in Baghdad during the 5th century A.H./11th A.D.
=260  \\$6880-03$aBaghdād :$bMaṭbaʻat al-Irshād,$c1967.
=300  \\$aonline resource (415 pages)
=336  \\$atext$2rdacontent
=337  \\$acomputer$2rdamedia
=338  \\$aonline resource$2rdacarrier
=500  \\$aPart of the Arabic Collections Online (ACO) project, contributed by Princeton University Libraries.
=504  \\$aIncludes bibliographical references (pages 316-352).
=533  \\$aElectronic reproduction.$bNew York, N.Y. :$cNew York University,$d2020.$5NNU
=651  \0$aBaghdad (Iraq)$xSocial life and customs.
=650  \7$aManners and customs.$2fast$0(OCoLC)fst01007815
=651  \7$aIraq$zBaghdad.$2fast$0(OCoLC)fst01207444
=710  2\$aPrinceton University.$bLibrary.
=730  0\$aArabic Collections Online.
=776  08$iPrint version:$aFahd, Badrī Muḥammad.$tal-ʻĀmmah bi-Baghdād fī al-qarn al-khāmis al-Hijrī$w(NjP)1564379$w(DLC)ne 68000117 $w(OCoLC)29780235
=856  40$uhttp://hdl.handle.net/2333.1/ncjsxwhw 
=880  1\$6100-01$aفهد، بدري محمد.
=880  12$6245-02$aالعامة ببغداد في القرن الخامس الهجري :$bبحث تاريخي في الحياة الاجتماعية لجماهير بغداد /$cتأليف بدري محمد فهد.
=880  \\$6260-03$aبغداد :$bمطبعة الارشاد،$c1967.
=959  \\$aNNU$bWEB$cGENI$t0$mElectronic access$s01
=999  \\$iNjP_1564379$o(OCoLC)ocm29780235$sprinceton_aco002408$e(ERROR-880)$sprinceton_aco002408

