=LDR  02234nam a2200409Mi 4500
=001  860872
=003  NjP
=006  m\\\\\\\\d\\\\\\\\
=007  cr\cn\|||m|||a
=008  200626s1912\\\\sy\\\\\\o\\\\\000\0\ara\d
=040  \\$aZYU$bara$erda$cZYU
=100  1\$6880-01$aArmānī, Buṭrus Varāʼīlā.
=240  10$6880-02$aShumūs al-ḥaqāʼiq fī ithbāt al-rūḥ wa-al-khāliq
=245  10$6880-03$aKitāb shumūs al-ḥaqāʼiq fī ithbāt al-rūḥ wa-al-khāliq /$ctaʼlīf Buṭrus Varāʼīlā Armānī ; taʻr̄īb Fūtiyūs Khūrī.
=246  3\$6880-04$aShumūs al-ḥaqāʼiq fī ithbāt al-rūḥ wa-al-khāliq
=260  \\$6880-05$aṬarābulus Shām :$bal-Maṭbaʻah al-Waṭanīyah,$c1912.
=300  \\$aonline resource (126 pages)
=336  \\$atext$2rdacontent
=337  \\$acomputer$2rdamedia
=338  \\$aonline resource$2rdacarrier
=500  \\$aPart of the Arabic Collections Online (ACO) project, contributed by Princeton University Libraries.
=533  \\$aElectronic reproduction.$bNew York, N.Y. :$cNew York University,$d2020.$5NNU
=650  \0$aHoly Spirit.
=650  \0$aGod.
=650  \7$aGod.$2fast$0(OCoLC)fst00944037
=650  \7$aHoly Spirit.$2fast$0(OCoLC)fst00959009
=710  2\$aPrinceton University.$bLibrary.
=730  0\$aArabic Collections Online.
=776  08$iPrint version:$aArmānī, Buṭrus Varāʼīlā.$tKitāb shumūs al-ḥaqāʼiq fī ithbāt al-rūḥ wa-al-khāliq$w(NjP)860872$w(OCoLC)29782061
=856  40$uhttp://hdl.handle.net/2333.1/r4xgxptb 
=880  1\$6100-01$aارماني، بطرس ڤرائيلا.
=880  10$6240-02$aشموس الحقائق في اثبات الروح والخالق
=880  10$6245-03$aكتاب شموس الحقائق في اثبات الروح والخالق /$cتأليف بطرس ڤرائيلا ارماني ؛ تعريب فوتيوس خوري.
=880  3\$6246-04$aشموس الحقائق في اثبات الروح والخالق
=880  \\$6260-05$aطرابلس شام :$bالمطبعة الوطنية،$c1912.
=959  \\$aNNU$bWEB$cGENI$t0$mElectronic access$s01
=999  \\$iNjP_860872$o(OCoLC)ocm29782061$sprinceton_aco003488:$e(ERROR-MISC)$sprinceton_aco003488:

