=LDR  01776nam a2200349Mi 4500
=001  822773
=003  NjP
=006  m\\\\\\\\d\\\\\\\\
=007  cr\cn\|||m|||a
=008  200626s1947\\\\le\\\\\\ob\\\\000\0\ara\d
=040  \\$aZYU$bara$erda$cZYU
=100  1\$6880-01$aMarmarjī, A. S.,$d1887-
=245  10$6880-02$aHal al-ʻArabīyah manṭiqīyah? :$babḥāth thunāʼīyah alsunīyah /$ctaʼlīf A.S. Marmarjī.
=260  \\$6880-03$aJūnīyah, Lubnān :$bMaṭbaʻat al-Mursalīn al-Lubnānīyīn,$c1947.
=300  \\$aonline resource (160 pages)
=336  \\$atext$2rdacontent
=337  \\$acomputer$2rdamedia
=338  \\$aonline resource$2rdacarrier
=500  \\$aPart of the Arabic Collections Online (ACO) project, contributed by Princeton University Libraries.
=504  \\$aIncludes bibliographical references.
=533  \\$aElectronic reproduction.$bNew York, N.Y. :$cNew York University,$d2020.$5NNU
=650  \0$aSemitic languages$xGrammar, Comparative.
=650  \7$aSemitic languages$xGrammar, Comparative.$2fast$0(OCoLC)fst01112388
=710  2\$aPrinceton University.$bLibrary.
=730  0\$aArabic Collections Online.
=776  08$iPrint version:$aMarmarjī, A. S., 1887-$tHal al-ʻArabīyah manṭiqīyah?$w(NjP)822773$w(OCoLC)28545490
=856  40$uhttp://hdl.handle.net/2333.1/w0vt4n1n 
=880  1\$6100-01$aمرمرجي، أ. س.
=880  10$6245-02$aهل العربية منطقية؟ :$bأبحاث ثنائية ألسنية /$cتأليف أ.س. مرمرجي.
=880  \\$6260-03$aجونية، لبنان :$bمطبعة المرسلين اللبنانيين،$c١٩٤٧.
=959  \\$aNNU$bWEB$cGENI$t0$mElectronic access$s01
=999  \\$iNjP_822773$o(OCoLC)ocm28545490$sprinceton_aco004229:$e(ERROR-MISC)$sprinceton_aco004229:

