=LDR  02253nam a2200457Mi 4500
=001  402889
=003  NjP
=006  m\\\\\\\\d\\\\\\\\
=007  cr\cn\|||m|||a
=008  200626s1984\\\\ir\\\\\\ob\\\\000\0\ara\d
=040  \\$aZYU$bara$erda$cZYU
=041  1\$aara$hper
=100  1\$6880-01$aMuṭahharī, Murtaz̤á.
=240  10$6880-02$aʻAdl-i ilāhī.$lArabic
=245  14$6880-03$aal-ʻAdl al-ilāhī /$ctaʼlīf Murtaḍá al-ʻMuṭahharī ; tarjamah ilá al-ʻArabīyah, Muḥammad ʻAbd al-Munʻim al-Khāqānī.
=250  \\$6880-04$aal-Ṭabʻah 3.
=260  \\$6880-05$aQum, Īrān :$bMuʼassasat al-Nashr al-Islāmī al-Tābiʻah li-Jamāʻat al-Mudarrisīn,$c1405 [1984 or 1985]
=300  \\$aonline resource (408 pages)
=336  \\$atext$2rdacontent
=337  \\$acomputer$2rdamedia
=338  \\$aonline resource$2rdacarrier
=500  \\$aTranslation of: ʻAdl-i ilāhī.
=500  \\$a"146."
=500  \\$aPart of the Arabic Collections Online (ACO) project, contributed by Princeton University Libraries.
=504  \\$aIncludes bibliographical references.
=533  \\$aElectronic reproduction.$bNew York, N.Y. :$cNew York University,$d2020.$5NNU
=650  \0$aGod (Islam)
=650  \0$aShīʻah$xDoctrines.
=650  \7$aGod (Islam)$2fast$0(OCoLC)fst00944142
=650  \7$aShīʻah$xDoctrines.$2fast$0(OCoLC)fst01117948
=710  2\$aPrinceton University.$bLibrary.
=730  0\$aArabic Collections Online.
=776  08$iPrint version:$aMuṭahharī, Murtaz̤á.$tal-ʻAdl al-ilāhī$w(NjP)402889$w(OCoLC)37614583
=856  40$uhttp://hdl.handle.net/2333.1/ht76hqh8 
=880  1\$6100-01$aمطهرى، مرتضى.
=880  10$6240-02$aعدل الالهي.$lارب
=880  12$6245-03$aالعدل الالهي /$cتأليف مرتضى العمطهري ؛ ترجمة الى العربية، محمد عبد المنعم الخاقاني.
=880  \\$6250-04$aالطبعة 3.
=880  \\$6260-05$aقم، ايران :$bمؤسسة النشر الاسلامي التابعة لجماعة المدرسين،$c1405 [1984 or 1985]
=959  \\$aNNU$bWEB$cGENI$t0$mElectronic access$s01
=999  \\$iNjP_402889$o(OCoLC)ocm37614583$sprinceton_aco003922:$e(ERROR-MISC)$sprinceton_aco003922:

