=LDR  01900nam a2200397Mi 4500
=001  3209140
=003  NjP
=006  m\\\\\\\\d\\\\\\\\
=007  cr\cn\|||m|||a
=008  200626s1928\\\\ua\\\\\\o\\\\\000\0\arard
=040  \\$aZYU$bara$erda$cZYU
=130  0\$6880-01$aFiqh ʻalá al-madhāhib al-arbaʻah.
=245  10$6880-02$aKitāb al-fiqh ʻalá al-madhāhib al-arbaʻah :$bqism al-ʻibādāt.
=250  \\$6880-03$aal-Ṭabʻah 1.
=260  \\$6880-04$aal-Qāhirah :$bDār al-Kutub al-Miṣrīyah,$c1928.
=300  \\$aonline resource (16, 702 pages)
=336  \\$atext$2rdacontent
=337  \\$acomputer$2rdamedia
=338  \\$aonline resource$2rdacarrier
=500  \\$aAt head of t.p.: Wizarat al-Awqaf, Qism al-Masājid.
=500  \\$aPart of the Arabic Collections Online (ACO) project, contributed by Princeton University Libraries.
=533  \\$aElectronic reproduction.$bNew York, N.Y. :$cNew York University,$d2020.$5NNU
=650  \0$aIslamic law.
=650  \7$aIslamic law.$2fast$0(OCoLC)fst00979949
=710  1\$6880-05$aEgypt.$bWizārat al-Awqāf.$bQism al-Masājid.
=710  2\$aPrinceton University.$bLibrary.
=730  0\$aArabic Collections Online.
=776  08$iPrint version:$tKitāb al-fiqh ʻalá al-madhāhib al-arbaʻah$w(NjP)3209140$w(OCoLC)49364550
=856  40$uhttp://hdl.handle.net/2333.1/hhmgqz9x 
=880  0\$6130-01$aفقه على المذاهب الأربعة.
=880  10$6245-02$aكتاب الفقه على المذاهب الأربعة :$bقسم العبادات.
=880  \\$6250-03$aالطبعة ١.
=880  \\$6260-04$aالقاهرة :$bدار الكتب المصرية،$c١٩٢٨.
=880  1\$6710-05$aمصر.$bوزارة الأوقاف.$bقسم المساجد.
=959  \\$aNNU$bWEB$cGENI$t0$mElectronic access$s01
=999  \\$iNjP_3209140$o(OCoLC)ocm49364550$sprinceton_aco003816:$e(ERROR-MISC)$sprinceton_aco003816:

