=LDR  01742nam a2200361Mi 4500
=001  1684940
=003  NjP
=006  m\\\\\\\\d\\\\\\\\
=007  cr\cn\|||m|||a
=008  200626s196u\\\\ir\\\\\\o\\\\\000\0\ara\d
=040  \\$aZYU$bara$erda$cZYU
=100  1\$6880-01$aMustanbiṭ Gharawī, Murtaḍā ibn Raḍī al-Dīn.
=245  10$6880-02$aAthar al-wamīḍ fī nafy al-jabr wa-al-tafwīḍ.
=260  \\$6880-03$aTabrīz :$bChāp-i Santrāl,$c[196-?]
=300  \\$aonline resource (83 pages)
=336  \\$atext$2rdacontent
=337  \\$acomputer$2rdamedia
=338  \\$aonline resource$2rdacarrier
=500  \\$aPart of the Arabic Collections Online (ACO) project, contributed by Princeton University Libraries.
=533  \\$aElectronic reproduction.$bNew York, N.Y. :$cNew York University,$d2020.$5NNU
=546  \\$aIn Arabic.
=500  \\$aCover title.
=650  \0$aFree will and determinism$xReligious aspects$xIslam.
=650  \7$aFree will and determinism$xReligious aspects$xIslam.$2fast$0(OCoLC)fst00933979
=710  2\$aPrinceton University.$bLibrary.
=730  0\$aArabic Collections Online.
=776  08$iPrint version:$aMustanbiṭ Gharawī, Murtaḍā ibn Raḍī al-Dīn.$tAthar al-wamīḍ fī nafy al-jabr wa-al-tafwīḍ$w(NjP)1684940$w(OCoLC)42945662
=856  40$uhttp://hdl.handle.net/2333.1/jm63z37z 
=880  1\$6100-01$aمستنبط غروي، مرتضى بن رضي الدين.
=880  10$6245-02$aاثر الوميض في نفي الجبر والتفويض.
=880  \\$6260-03$aتبريز :$bچاپ سنترال،$c[196؟]  
=959  \\$aNNU$bWEB$cGENI$t0$mElectronic access$s01
=999  \\$iNjP_1684940$o(OCoLC)ocm42945662$sprinceton_aco003847:$e(ERROR-MISC)$sprinceton_aco003847:

