=LDR  02118nam a2200361Mi 4500
=001  2767675
=003  NjP
=006  m\\\\\\\\d\\\\\\\\
=007  cr\cn\|||m|||a
=008  200626s1963\\\\sy\\\\\\o\\\\\000\0\araod
=040  \\$aZYU$bara$erda$cZYU
=100  1\$6880-01$aZahrāwī, ʻAbd al-Ḥamīd,$d1855-1916.
=245  13$6880-02$aal-Irth al-fikrī lil-muṣliḥ al-ijtimāʻī ʻAbd al-Ḥamīd al-Zahrāwī ; jamaʻahu wa-ḥaqqaqahu Jawdat al-Rikābī, Jamīl Sulṭān.
=260  \\$6880-03$aDimashq :$bal-Majlis al-ʻAlá li-Riʻāyat al-Funūn wa-al-Ādāb wa-al-ʻUlūm al-Ijtimāʻīyah,$c1963.
=300  \\$aonline resource (515 pages)
=336  \\$atext$2rdacontent
=337  \\$acomputer$2rdamedia
=338  \\$aonline resource$2rdacarrier
=500  \\$aPart of the Arabic Collections Online (ACO) project, contributed by Princeton University Libraries.
=533  \\$aElectronic reproduction.$bNew York, N.Y. :$cNew York University,$d2020.$5NNU
=700  1\$6880-04$aRikābī, Jawdat.
=700  1\$6880-05$aSulṭān, Jamīl.
=710  2\$aPrinceton University.$bLibrary.
=730  0\$aArabic Collections Online.
=776  08$iPrint version:$aZahrāwī, ʻAbd al-Ḥamīd, 1855-1916.$tal-Irth al-fikrī lil-muṣliḥ al-ijtimāʻī ʻAbd al-Ḥamīd al-Zahrāwī ; jamaʻahu wa-ḥaqqaqahu Jawdat al-Rikābī, Jamīl Sulṭān$w(NjP)2767675$w(OCoLC)29286420
=856  40$uhttp://hdl.handle.net/2333.1/mw6m98x7 
=880  1\$6100-01$aزهراوي، عبد الحميد،$d1855-1916.
=880  12$6245-02$aالارث الفكري للمصلح الاجتماعي عبد الحميد الزهراوي ؛ جمعه وحققه جودة الركابي، جميل سلطان.
=880  \\$6260-03$aدمشق :$bالمجلس الاعلى لرعاية الفنون والآداب والعلوم الاجتماعية،$c1963.
=880  1\$6700-04$aركابي، جودة.
=880  1\$6700-05$aسلطان، جميل.
=959  \\$aNNU$bWEB$cGENI$t0$mElectronic access$s01
=999  \\$iNjP_2767675$o(OCoLC)ocm29286420$sprinceton_aco002584$e(ERROR-MISC)$sprinceton_aco002584

