=LDR  02344nam a2200457Mi 4500
=001  4227283
=003  NjP
=006  m\\\\\\\\d\\\\\\\\
=007  cr\cn\|||m|||a
=008  200626s1922\\\\ua\\\\\\ob\\\\000\0\ara\d
=040  \\$aZYU$bara$erda$cZYU
=043  \\$af-ua---
=100  1\$6880-01$aMursī, Muḥammad Kāmil.
=245  10$6880-02$aSharḥ ʻāriyat al-istiʻmāl wa-ʻāriyat al-istihlāk wa-al-īrādāt al-murattabah :$baḥkām al-fawāʼid ʻalá al-ʻumūm /$ctaʼlīf Muḥammad Kāmil Mursī Bik, Sayyid Muṣṭafá.
=250  \\$6880-03$aal-Ṭabʻah 1.
=260  \\$6880-04$aMiṣr :$bMaṭbaʻat al-Raghāʼib,$c1922.
=300  \\$aonline resource (482 pages)
=336  \\$atext$2rdacontent
=337  \\$acomputer$2rdamedia
=338  \\$aonline resource$2rdacarrier
=500  \\$aPart of the Arabic Collections Online (ACO) project, contributed by Princeton University Libraries.
=504  \\$aIncludes bibliographical references (pages 3-4).
=533  \\$aElectronic reproduction.$bNew York, N.Y. :$cNew York University,$d2020.$5NNU
=650  \0$aLoans$xLaw and legislation$zEgypt.
=650  \0$aLoans (Islamic law)
=650  \7$aLoans (Islamic law)$2fast$0(OCoLC)fst01001066
=650  \7$aLoans$xLaw and legislation.$2fast$0(OCoLC)fst01001057
=651  \7$aEgypt.$2fast$0(OCoLC)fst01208755
=700  1\$6880-05$aMuṣṭafá, Sayyid.
=710  2\$aPrinceton University.$bLibrary.
=730  0\$aArabic Collections Online.
=752  \\$aEgypt.
=776  08$iPrint version:$aMursī, Muḥammad Kāmil.$tSharḥ ʻāriyat al-istiʻmāl wa-ʻāriyat al-istihlāk wa-al-īrādāt al-murattabah$w(NjP)4227283$w(OCoLC)70682159
=856  40$uhttp://hdl.handle.net/2333.1/msbccc6c 
=880  1\$6100-01$aمرسي، محمد كامل.
=880  10$6245-02$aشرح عارية الاستعمال وعارية الاستهلاك والايرادات المرتبة :$bاحكام الفوائد على العموم /$cتأليف محمد كامل مرسي بك، سيد مصطفى.
=880  \\$6250-03$aالطبعة 1.
=880  \\$6260-04$aمصر :$bمطبعة الرغائب،$c1922.
=880  1\$6700-05$aمصطفى، سيد. 
=959  \\$aNNU$bWEB$cGENI$t0$mElectronic access$s01
=999  \\$iNjP_4227283$o(OCoLC)ocm70682159$sprinceton_aco002472$e(ERROR-MISC)$sprinceton_aco002472

