=LDR  02611nam a2200469Mi 4500
=001  399059
=003  NjP
=006  m\\\\\\\\d\\\\\\\\
=007  cr\cn\|||m|||a
=008  200626q19801987ir\\\\\\o\\\\\000\0dara\d
=040  \\$aZYU$bara$erda$cZYU
=100  1\$6880-01$aIbn Shahrāshūb, Muḥammad ibn ʻAlī,$d-1192.
=245  13$6880-02$aal-Manāqib /$cli-muʼallifihi Abī Jaʻfar Rashīd al-Dīn Muḥammad ibn ʻAlī ibn Shahrāshūb al-Sarwī al-Māzandarānī.
=246  3\$6880-03$aManāqib Āl Abī Ṭālib
=260  \\$6880-04$aQum :$bMuʼassasat Intishārat ʻAllāmah,$c[198-?]
=300  \\$aonline resource (4 volumes)
=336  \\$atext$2rdacontent
=337  \\$acomputer$2rdamedia
=338  \\$aonline resource$2rdacarrier
=500  \\$aTitle page partially vocalized.
=500  \\$aTitle on v. 2-4: Manāqib Āl Abī Ṭālib.
=500  \\$aVol. 4 edited by: Hāshim al-Rasūlī al-Maḥallātī.
=500  \\$aPart of the Arabic Collections Online (ACO) project, contributed by Princeton University Libraries.
=533  \\$aElectronic reproduction.$bNew York, N.Y. :$cNew York University,$d2020.$5NNU
=600  00$aʻAlī ibn Abī Ṭālib,$cCaliph,$dapproximately 600-661.
=650  \0$aShīʻah$xDoctrines.
=650  \0$aImams (Shiites)
=600  07$aʻAlī ibn Abī Ṭālib,$cCaliph,$dapproximately 600-661$2fast$0(OCoLC)fst01804105
=650  \7$aImams (Shiites)$2fast$0(OCoLC)fst00967650
=650  \7$aShīʻah$xDoctrines.$2fast$0(OCoLC)fst01117948
=700  1\$6880-05$aRasūlī Maḥallātī, Hāshim.
=710  2\$aPrinceton University.$bLibrary.
=730  0\$aArabic Collections Online.
=776  08$iPrint version:$aIbn Shahrāshūb, Muḥammad ibn ʻAlī, -1192.$tal-Manāqib$w(NjP)399059$w(OCoLC)25579084
=856  40$uhttp://hdl.handle.net/2333.1/83bk3tz3 
=880  1\$6100-01$aابن شهرأشوب، محمد بن علي,$d-1192
=880  12$6245-02$aالمناقب /$cلمؤلفه ابي جعفر رشيد الدين محمد بن علي بن شهراشوب السروي المازندراني. 
=880  3\$6246-03$aمناقب آل ابي طالب
=880  \\$6260-04$aقم :$bمؤسسة انتشارت علامة،$c[198؟]
=880  1\$6700-05$aرسولي محلاتي، هاشم.
=959  \\$aNNU$bWEB$cGENI$t0$mElectronic access$s01
=999  \\$iNjP_399059$o(OCoLC)ocm25579084$sprinceton_aco003142:juz1$sprinceton_aco003144:juz2$sprinceton_aco003182:juz3$sprinceton_aco003184:juz4$e(ERROR-MISC)$sprinceton_aco003142:juz1$sprinceton_aco003144:juz2$sprinceton_aco003182:juz3$sprinceton_aco003184:juz4

