=LDR  01529nam a2200337Mi 4500
=001  1657086
=003  NjP
=006  m\\\\\\\\d\\\\\\\\
=007  cr\cn\|||m|||a
=008  200626s1956\\\\iq\\\\\\o\\\\\000\0\ara\d
=040  \\$aZYU$bara$erda$cZYU
=100  1\$6880-01$aSharaf al-Dīn, ʻAbd al-Ḥusayn.
=245  13$6880-02$aal-Fuṣūl al-muhimmah fī taʼlīf al-ummah.
=260  \\$6880-03$aal-Najaf :$bMaṭbaʻat al-Najaf,$c1375 [1956]
=300  \\$aonline resource (254 pages)
=336  \\$atext$2rdacontent
=337  \\$acomputer$2rdamedia
=338  \\$aonline resource$2rdacarrier
=500  \\$aPart of the Arabic Collections Online (ACO) project, contributed by Princeton University Libraries.
=533  \\$aElectronic reproduction.$bNew York, N.Y. :$cNew York University,$d2020.$5NNU
=546  \\$aIn Arabic.
=650  \0$aShīʻah$xRelations$xSunnites.
=710  2\$aPrinceton University.$bLibrary.
=730  0\$aArabic Collections Online.
=776  08$iPrint version:$aSharaf al-Dīn, ʻAbd al-Ḥusayn.$tal-Fuṣūl al-muhimmah fī taʼlīf al-ummah$w(NjP)1657086$w(OCoLC)42944759
=856  40$uhttp://hdl.handle.net/2333.1/bvq83n8q 
=880  1\$6100-01$aشرف الدين، عبد الحسين.
=880  12$6245-02$aالفصول المهمة في تأليف الأمة.
=880  \\$6260-03$aالنجف :$bمطبعة النجف،$c1375 [1956]
=959  \\$aNNU$bWEB$cGENI$t0$mElectronic access$s01
=999  \\$iNjP_1657086$o(OCoLC)ocm42944759$sprinceton_aco003523:$e(ERROR-MISC)$sprinceton_aco003523:

