=LDR  02318nam a2200397Mi 4500
=001  857577
=003  NjP
=006  m\\\\\\\\d\\\\\\\\
=007  cr\cn\|||m|||a
=008  200626s1884\\\\le\\\\\\o\\\\\000\0\ara\d
=040  \\$aZYU$bara$erda$cZYU
=100  1\$6880-01$aNābulsī, Muḥammad Zuʻaytar.
=240  10$6880-02$aKashf al-Burdah ʻan maʻānī al-Burʼah
=245  10$6880-03$aKitāb kashf al-Burdah ʻan maʻānī al-Burʼah /$ctaʼlīf Muḥammad Zuʻaytar al-Nābulsī.
=246  3\$6880-04$aKashf al-Burdah ʻan maʻānī al-Burʼah
=260  \\$6880-05$aBayrūt :$bal-Maṭbaʻah al-Adabīyah,$c1302 [1884 or 1885]
=300  \\$aonline resource (87 pages)
=336  \\$atext$2rdacontent
=337  \\$acomputer$2rdamedia
=338  \\$aonline resource$2rdacarrier
=500  \\$aPart of the Arabic Collections Online (ACO) project, contributed by Princeton University Libraries.
=533  \\$aElectronic reproduction.$bNew York, N.Y. :$cNew York University,$d2020.$5NNU
=600  10$aBūṣīrī, Sharaf al-Dīn Muḥammad ibn Saʻīd,$d1213?-1296?$tBurdah.
=630  07$aBurdah (Būṣīrī, Sharaf al-Dīn Muḥammad ibn Saʻīd)$2fast$0(OCoLC)fst01362420
=710  2\$aPrinceton University.$bLibrary.
=730  0\$aArabic Collections Online.
=776  08$iOnline version:$aNābulsī, Muḥammad Zuʻaytar.$sKashf al-Burdah ʻan maʻānī al-Burʼah.$tKitāb kashf al-Burdah ʻan maʻānī al-Burʼah.$dBayrūt : al-Maṭbaʻah al-Adabīyah, 1302 [1884 or 1885]$w(OCoLC)657175003
=776  08$iPrint version:$aNābulsī, Muḥammad Zuʻaytar.$tKitāb kashf al-Burdah ʻan maʻānī al-Burʼah$w(NjP)857577$w(OCoLC)29706192
=856  40$uhttp://hdl.handle.net/2333.1/wstqk0vt 
=880  1\$6100-01$aنابلسي، محمد زعيتر.
=880  10$6240-02$aكشف البردة عن معاني البرأة
=880  10$6245-03$aكتاب كشف البردة عن معاني البرأة /$cتأليف محمد زعيتر النابلسي.
=880  3\$6246-04$aكشف البردة عن معاني البرأة
=880  \\$6260-05$aبيروت :$bالمطبعة الادبية،$c1302 [1884 or 1885]
=959  \\$aNNU$bWEB$cGENI$t0$mElectronic access$s01
=999  \\$iNjP_857577$o(OCoLC)ocm29706192$sprinceton_aco004268:$e(ERROR-MISC)$sprinceton_aco004268:

