=LDR  02382nam a2200457Mi 4500
=001  1910865
=003  NjP
=006  m\\\\\\\\d\\\\\\\\
=007  cr\cn\|||m|||a
=008  200626s1886\\\\tu\\\\\\o\\\\\000\0\ara\d
=040  \\$aZYU$bara$erda$cZYU
=100  1\$6880-01$aTūqādī, ʻUmar ibn Ṣāliḥ,$d-1848 or 1849.
=240  10$6880-02$aDurr al-nājī ʻalá matn Īsāghūjī
=245  10$6880-03$aKitab-ı Dürr-i nâci.
=246  3\$6880-04$aKitāb Durr al-nājī
=246  3\$aDürr ül-nâci
=260  \\$6880-05$aİstanbul :$bMatbaa-yı Osmaniye,$c1304 [1886]
=300  \\$aonline resource (183 pages)
=336  \\$atext$2rdacontent
=337  \\$acomputer$2rdamedia
=338  \\$aonline resource$2rdacarrier
=500  \\$aPart of the Arabic Collections Online (ACO) project, contributed by Princeton University Libraries.
=533  \\$aElectronic reproduction.$bNew York, N.Y. :$cNew York University,$d2020.$5NNU
=546  \\$aText in Arabic; t.p. in Turkish in Arabic script.
=600  10$aAthīr al-Dīn al-Abharī, al-Mufaḍḍal ibn ʻUmar,$d-1265.$tĪsāghūjī.
=650  \0$aLogic$vEarly works to 1800.
=630  07$aĪsāghūjī (Athīr al-Dīn al-Abharī, al-Mufaḍḍal ibn ʻUmar)$2fast$0(OCoLC)fst01918514
=650  \7$aLogic.$2fast$0(OCoLC)fst01002014
=655  \7$aEarly works.$2fast$0(OCoLC)fst01411636
=710  2\$aPrinceton University.$bLibrary.
=730  0\$aArabic Collections Online.
=776  08$iOnline version:$aTūqādī, ʻUmar ibn Ṣāliḥ, -1848 or 9.$sDurr al-nājī ʻalá matn Īsāghūjī.$tKitab-ı Dürr-i nâci.$dİstanbul : Matbaa-yı Osmaniye, 1304 [1886]$w(OCoLC)656854323
=776  08$iPrint version:$aTūqādī, ʻUmar ibn Ṣāliḥ, -1848 or 1849.$tKitab-ı Dürr-i nâci$w(NjP)1910865$w(OCoLC)40260105
=856  40$uhttp://hdl.handle.net/2333.1/n2z3549z 
=880  1\$6100-01$aتوقادي، عمر بن صالح،$d-1848 or 1849.
=880  10$6240-02$aدر الناجي على متن ايساغوجي
=880  10$6245-03$aکتاب در ناجي.
=880  3\$6246-04$aكتاب در الناجي
=880  \\$6260-05$aاستانبول :$bمطبعه عثمانيه،$c1304 [1886]
=959  \\$aNNU$bWEB$cGENI$t0$mElectronic access$s01
=999  \\$iNjP_1910865$o(OCoLC)ocm40260105$sprinceton_aco004224:$e(ERROR-880)(ERROR-MISC)$sprinceton_aco004224:

