=LDR  01816nam a2200385Mi 4500
=001  2786637
=003  NjP
=006  m\\\\\\\\d\\\\\\\\
=007  cr\cn\|||m|||a
=008  200626s1953\\\\ua\a\\\\o\\\\\000\0\ara\d
=040  \\$aZYU$bara$erda$cZYU
=100  1\$6880-01$aʻInān, Muḥammad ʻAbd Allāh,$d1896-
=245  10$6880-02$aIbn Khaldūn :$bḥayātuhu wa-turāthuhu al-fikrī /$cTal̄īf Muḥammad ʻAbd Allāh ʻInān.
=250  \\$6880-03$aal-Tabʻah 2.
=260  \\$6880-04$aal-Qāhirah :$bMatbaʻat Misr,$c[1953]
=300  \\$aonline resource (223 pages) :$billustrations
=336  \\$atext$2rdacontent
=337  \\$acomputer$2rdamedia
=338  \\$aonline resource$2rdacarrier
=500  \\$aPart of the Arabic Collections Online (ACO) project, contributed by Princeton University Libraries.
=533  \\$aElectronic reproduction.$bNew York, N.Y. :$cNew York University,$d2020.$5NNU
=546  \\$aIn Arabic.
=600  00$6880-05$aIbn Khaldūn,$d1332-1406.
=600  07$aIbn Khaldūn,$d1332-1406$2fast$0(OCoLC)fst00017753
=710  2\$aPrinceton University.$bLibrary.
=730  0\$aArabic Collections Online.
=776  08$iPrint version:$aʻInān, Muḥammad ʻAbd Allāh, 1896-$tIbn Khaldūn$w(NjP)2786637$w(OCoLC)42828717
=856  40$uhttp://hdl.handle.net/2333.1/tdz08whx 
=880  1\$6100-01$aعنان، محمد عبد الله،$d1896-
=880  10$6245-02$aابن خلدون ؛$bحياته و تراثه الفكري /$cتأليف محمد عبد الله عنان.
=880  \\$6250-03$aالطبعة ٢.
=880  \\$6260-04$aالقاهرة :$bمطبعة مصر،$c[1953]
=880  04$6600-05$aابن خلدون.
=959  \\$aNNU$bWEB$cGENI$t0$mElectronic access$s01
=999  \\$iNjP_2786637$o(OCoLC)ocm42828717$sprinceton_aco002434$e(ERROR-MISC)$sprinceton_aco002434

