=LDR  01978nam a2200373Mi 4500
=001  2834922
=003  NjP
=006  m\\\\\\\\d\\\\\\\\
=007  cr\cn\|||m|||a
=008  200626s1949\\\\ua\\\\\\o\\\\\000\0\ara\d
=040  \\$aZYU$bara$erda$cZYU
=100  1\$6880-01$aRappoport, A. S.$q(Angelo Solomon),$d1871-1950.
=245  10$6880-02$aMabādiʼ al-falsafah /$callafahu A.S. Rāpūpurt ; wa-tarjamahu min al-Injilizı̄yah ilā al-ʻArabı̄yah Aḥmad Amı̄n.
=250  \\$6880-03$aal-Ṭabʻah 5.
=260  \\$6880-04$aal-Qāhirah :$bMaṭbaʻat Lajnat al-Taʼlı̄f wa-al-Tarjamah wa-al-Nashr,$c1949.
=300  \\$aonline resource (274 pages)
=336  \\$atext$2rdacontent
=337  \\$acomputer$2rdamedia
=338  \\$aonline resource$2rdacarrier
=500  \\$aHis Primer of philosophy, translated into Arabic by Aḥmad Amīn.
=500  \\$aPart of the Arabic Collections Online (ACO) project, contributed by Princeton University Libraries.
=533  \\$aElectronic reproduction.$bNew York, N.Y. :$cNew York University,$d2020.$5NNU
=700  1\$6880-05$aAmīn, Aḥmad,$d1886-1954.
=710  2\$aPrinceton University.$bLibrary.
=730  0\$aArabic Collections Online.
=776  08$iPrint version:$aRappoport, A. S. (Angelo Solomon), 1871-1950.$tMabādiʼ al-falsafah$w(NjP)2834922$w(OCoLC)42915044
=856  40$uhttp://hdl.handle.net/2333.1/08kps1q9 
=880  1\$6100-01$aراپوپورت، ا. س.$q(انجلو سولمن)،$d1871-1950.
=880  10$6245-02$aمبادئ الفلسفة /$cتأليف أ. س. راپوپورت ؛ ترجمه من الانجليزية أحمد أمين.
=880  \\$6250-03$aالطبعة 5.
=880  \\$6260-04$aالقاهرة :$bمطبعة لجنة التأليف والترجمة والنشر،$c1949.
=880  1\$6700-05$aامين، احمد،$d1886-1954.
=959  \\$aNNU$bWEB$cGENI$t0$mElectronic access$s01
=999  \\$iNjP_2834922$o(OCoLC)ocm42915044$sprinceton_aco004417:$e(ERROR-MISC)$sprinceton_aco004417:

