=LDR  01645nam a2200385Mi 4500
=001  2834966
=003  NjP
=006  m\\\\\\\\d\\\\\\\\
=007  cr\cn\|||m|||a
=008  200626s1947\\\\sy\a\\\\o\\\\\000\0\ara\d
=040  \\$aZYU$bara$erda$cZYU
=043  \\$ae-uk-en
=100  1\$6880-01$aḤaffār, Wajīh.
=245  13$6880-02$aal-Mamlakah al-Muttaḥidah, mashāhid wa-dirāsāt.
=250  \\$6880-03$aal-Ṭabʻah 2.
=260  \\$aDamascus :$b[publisher not identified],$c1947.
=300  \\$aonline resource (182 pages) :$billustrations
=336  \\$atext$2rdacontent
=337  \\$acomputer$2rdamedia
=338  \\$aonline resource$2rdacarrier
=500  \\$aPart of the Arabic Collections Online (ACO) project, contributed by Princeton University Libraries.
=533  \\$aElectronic reproduction.$bNew York, N.Y. :$cNew York University,$d2020.$5NNU
=546  \\$aIn Arabic.
=651  \0$aEngland$xDescription and travel.
=650  \7$aTravel.$2fast$0(OCoLC)fst01155558
=651  \7$aEngland.$2fast$0(OCoLC)fst01219920
=710  2\$aPrinceton University.$bLibrary.
=730  0\$aArabic Collections Online.
=776  08$iPrint version:$aḤaffār, Wajīh.$tal-Mamlakah al-Muttaḥidah, mashāhid wa-dirāsāt$w(NjP)2834966$w(OCoLC)42915165
=856  40$uhttp://hdl.handle.net/2333.1/bzkh1k0s 
=880  1\$6100-01$aحفار، وجيه.
=880  12$6245-02$aالمملكة المتحدة، مشاهد ودراسات.
=880  \\$6250-03$aالطبعة 2.
=959  \\$aNNU$bWEB$cGENI$t0$mElectronic access$s01
=999  \\$iNjP_2834966$o(OCoLC)ocm42915165$sprinceton_aco002431$e(ERROR-880)(ERROR-MISC)$sprinceton_aco002431

