=LDR  02393nam a2200493Mi 4500
=001  981832
=003  NjP
=006  m\\\\\\\\d\\\\\\\\
=007  cr\cn\|||m|||a
=008  200626s1965\\\\iq\c\\\\o\\\\\000\0\ara\d
=040  \\$aZYU$bara$erda$cZYU
=043  \\$af-ua---
=100  1\$6880-01$aKifāʼī, Muḥammad Kāẓim.
=245  10$6880-02$aBayna al-Najaf wa-al-Azhar /$cKāẓim al-Kifāʼī.
=250  \\$6880-03$aal-Ṭabʻah 1.
=260  \\$6880-04$aal-Najaf :$bMaṭbaʻat al-Ādāb,$c1965.
=300  \\$aonline resource (222 pages) :$bportraits
=336  \\$atext$2rdacontent
=337  \\$acomputer$2rdamedia
=338  \\$aonline resource$2rdacarrier
=500  \\$aPart of the Arabic Collections Online (ACO) project, contributed by Princeton University Libraries.
=533  \\$aElectronic reproduction.$bNew York, N.Y. :$cNew York University,$d2020.$5NNU
=610  20$aMajmaʻ al-Buḥūth al-Islāmīyah.$bMuʼtamar$n(2nd :$d1965 :$cCairo, Egypt)
=650  \0$aIslam$y20th century.
=600  10$aKifā'ī, Muḥammad Kāẓim$xTravel$zEgypt.
=600  10$aKifāʼī, Muḥammad Kāẓim$xTravel$zEgypt.
=600  17$aKifā'ī, Muḥammad Kāẓim.$2fast$0(OCoLC)fst00286794
=610  27$aMajmaʻ al-Buḥūth al-Islāmīyah.$bMuʼtamar.$2fast$0(OCoLC)fst00570333
=650  \7$aIslam.$2fast$0(OCoLC)fst00979776
=650  \7$aTravel.$2fast$0(OCoLC)fst01155558
=651  \7$aEgypt.$2fast$0(OCoLC)fst01208755
=648  \7$a1900-1999$2fast
=710  2\$aPrinceton University.$bLibrary.
=711  2\$6880-05$aMajmaʻ al-Buḥūth al-Islāmīyah.$nMuʼtamar$n(2nd :$d1965 :$cCairo, Egypt)
=730  0\$aArabic Collections Online.
=776  08$iPrint version:$aKifāʼī, Muḥammad Kāẓim.$tBayna al-Najaf wa-al-Azhar$w(NjP)981832$w(OCoLC)32787886
=856  40$uhttp://hdl.handle.net/2333.1/hmgqnvz9 
=880  1\$6100-01$aكفائي، محمد كاظم.
=880  10$6245-02$aبين النجف والأزهر /$cكاظم الكفائي.
=880  \\$6250-03$aالطبعة 1. 
=880  \\$6260-04$aالنجف :$bمطبعة الاداب،$c1965.
=880  2\$6711-05$aمجمع البحوث الاسلامية.$nمؤتمر$n(الثاني :$d1965 :$cالقاهرة، مصر)
=959  \\$aNNU$bWEB$cGENI$t0$mElectronic access$s01
=999  \\$iNjP_981832$o(OCoLC)ocm32787886$sprinceton_aco003975:$e(ERROR-MISC)$sprinceton_aco003975:

