=LDR  01821nam a2200337Mi 4500
=001  2785178
=003  NjP
=006  m\\\\\\\\d\\\\\\\\
=007  cr\cn\|||m|||a
=008  200626s1953\\\\le\\\\\\o\\\\\000\0\ara\d
=040  \\$aZYU$bara$erda$cZYU
=100  1\$6880-01$aBābā, Muḥammad Kāmil,$d1880-
=245  10$6880-02$aNaqd kitāb Tārīkh al-ʻArab (Muṭawwal) li-muʼallifīh Fīlīb Ḥittī, Idwārd Jurjī [wa] Jibrāʼīl Jabbūr.
=246  14$aMohammad Kamel Baba criticises the History of the Arabs
=260  \\$6880-03$aṬarāblus :$bMaṭbaʻat Dār al-Funūn,$c[1953?]
=300  \\$aonline resource (67 pages)
=336  \\$atext$2rdacontent
=337  \\$acomputer$2rdamedia
=338  \\$aonline resource$2rdacarrier
=500  \\$aIn Arabic.
=500  \\$aPart of the Arabic Collections Online (ACO) project, contributed by Princeton University Libraries.
=533  \\$aElectronic reproduction.$bNew York, N.Y. :$cNew York University,$d2020.$5NNU
=710  2\$aPrinceton University.$bLibrary.
=730  0\$aArabic Collections Online.
=776  08$iPrint version:$aBābā, Muḥammad Kāmil, 1880-$tNaqd kitāb Tārīkh al-ʻArab (Muṭawwal) li-muʼallifīh Fīlīb Ḥittī, Idwārd Jurjī [wa] Jibrāʼīl Jabbūr$w(NjP)2785178$w(OCoLC)42804555
=856  40$uhttp://hdl.handle.net/2333.1/x0k6dv8p 
=880  1\$6100-01$aبابا، محمد كامل،$d1880-
=880  10$6245-02$aنقد كتاب تاريخ العرب (مطول) لمؤلفيه فيليب حتي، ادوارد جرجي [و] جبرائيل جبور.
=880  \\$6260-03$aطرابلس :$bمطبعة دار الفنون،$c[1953؟]
=959  \\$aNNU$bWEB$cGENI$t0$mElectronic access$s01
=999  \\$iNjP_2785178$o(OCoLC)ocm42804555$sprinceton_aco004413:$e(ERROR-880)(ERROR-MISC)$sprinceton_aco004413:

