=LDR  02704nam a2200469Mi 4500
=001  2757324
=003  NjP
=006  m\\\\\\\\d\\\\\\\\
=007  cr\cn\|||m|||a
=008  200626m18891890le\\\\\\o\\\\\000\0\arar\
=040  \\$aZYU$bara$erda$cZYU
=050  04$aPJ7711$b.S2
=082  0\$a385.3A$bB164
=130  0\$6880-01$aArabian nights.
=245  10$6880-02$aAlf laylah wa-laylah /$cqad hadhdhabahu wa-ṣaḥḥaḥahu aḥad al-ābāʼ al-Yasūʻiyyīn [i.e. Anṭūn Ṣāliḥānī].
=246  18$aAlif leila wa leila
=260  \\$6880-03$aBayrūt :$bal-Maṭbaʻah al-Kathūlīkīyah lil-Ābāʼ al-Yasūʻīyīn,$c1889-1890.
=300  \\$aonline resource (5 volumes)
=336  \\$atext$2rdacontent
=337  \\$acomputer$2rdamedia
=338  \\$aonline resource$2rdacarrier
=500  \\$a97 p. at end of v. 5.: "ṭarāʼif fukāhāt fī arbaʻ ḥikāyāt."
=500  \\$aVol. 1,3-5: al-ṭabʻah 2 ; v. 2: al-ṭabʻah 1.
=500  \\$6880-04$a" ... wa-lākinnā qad jarradnāhu min kull mā yaqdaḥu bi-al-ādāb wa-yaḍurru bi-al-akhlāq ..."--Al-Muqaddimah, p. 8.
=500  \\$aOn spine: Alif leila wa leila, ed. Salhani.
=500  \\$aPart of the Arabic Collections Online (ACO) project, contributed by Princeton University Libraries.
=533  \\$aElectronic reproduction.$bNew York, N.Y. :$cNew York University,$d2020.$5NNU
=700  1\$6880-05$aṢāliḥānī, Anṭūn.
=710  2\$aPrinceton University.$bLibrary.
=730  0\$aArabic Collections Online.
=740  02$6880-06$aṬarāʼif fukāhāt fī arbaʻ ḥikāyāt.
=776  08$iOnline version:$aArabian nights.$tAlf laylah wa-laylah.$dBayrūt : al-Maṭbaʻah al-Kathūlīkīyah lil-Ābāʼ al-Yasūʻīyīn, 1889-1890$w(OCoLC)607087054
=776  08$iPrint version:$tAlf laylah wa-laylah$w(NjP)2757324$w(DLC) 59044128 $w(OCoLC)19387170
=856  40$uhttp://hdl.handle.net/2333.1/3ffbgj0f 
=880  0\$6130-01$aالف ليلة وليلة.
=880  10$6245-02$aألف ليلة وليلة /$cقد هذّبه وصحّحه أحد الآباء اليسوعيين [أي أنطون صالحاني].
=880  \\$6260-03$aبيروت :$bالمطبعة الكثوليكية للآباء اليسوعيين،$c1889-1890.
=880  \\$6500-04$a" ... ولكنا قد جردناه من كل ما يقدح بالآداب ويضر بالأخلاق ..."--المقدمة، ص. 8.
=880  1\$6700-05$aصالحاني، أنطون.
=880  02$6740-06$aطرائف فكاهات في أربع حكايات.
=959  \\$aNNU$bWEB$cGENI$t0$mElectronic access$s01
=999  \\$iNjP_2757324$o(OCoLC)ocm19387170$sprinceton_aco004103:v.4$e(ERROR-880)$sprinceton_aco004103:v.4

