=LDR  01594nam a2200349Mi 4500
=001  823107
=003  NjP
=006  m\\\\\\\\d\\\\\\\\
=007  cr\cn\|||m|||a
=008  200626m19501959su\\\\\\o\\\\\000\0\ara\d
=040  \\$aZYU$bara$erda$cZYU
=043  \\$af------$aa------
=245  03$6880-01$aal-Taḍāmun al-Islāmī fī al-ʻālam al-yawm.
=260  \\$6880-02$aJiddah :$bMaṭābiʻ Sharikat al-Madanīyah,$c[195-?]
=300  \\$aonline resource (47 pages)
=336  \\$atext$2rdacontent
=337  \\$acomputer$2rdamedia
=338  \\$aonline resource$2rdacarrier
=500  \\$aPart of the Arabic Collections Online (ACO) project, contributed by Princeton University Libraries.
=533  \\$aElectronic reproduction.$bNew York, N.Y. :$cNew York University,$d2020.$5NNU
=650  \0$aSolidarity$xReligious aspects$xIslam.
=651  \0$aIslamic countries$xPolitics and government.
=650  \7$aPolitics and government.$2fast$0(OCoLC)fst01919741
=651  \7$aIslamic countries.$2fast$0(OCoLC)fst01244130
=710  2\$aPrinceton University.$bLibrary.
=730  0\$aArabic Collections Online.
=776  08$iPrint version:$tal-Taḍāmun al-Islāmī fī al-ʻālam al-yawm$w(NjP)823107$w(OCoLC)28543401
=856  40$uhttp://hdl.handle.net/2333.1/fxpnw6qs 
=880  02$6245-01$aالتضامن الاسلامي في العالم اليوم.
=880  \\$6260-02$aجدة :$bمطابع شركة المدنية،$c[195؟]
=959  \\$aNNU$bWEB$cGENI$t0$mElectronic access$s01
=999  \\$iNjP_823107$o(OCoLC)ocm28543401$sprinceton_aco003014$e(ERROR-MISC)$sprinceton_aco003014

