=LDR  03541nam a2200385Mi 4500
=001  2579857
=003  NjP
=006  m\\\\\\\\d\\\\\\\\
=007  cr\cn\|||m|||a
=008  200626m19091910ua\\\\\\o\\\\\000\0\ara\d
=040  \\$aZYU$bara$erda$cZYU
=245  03$6880-01$aal-Majmūʻ al-mushtamil ʻalá Sharḥ Quṭb al-Dīn Maḥmūd ibn Muḥammad al-Rāzī lil-Risālah al-shamsīyah fī al-manṭiq /$ctaʼlīf Najm al-Dīn ʻUmar ibn ʻAlī al-Qazwīnī al-maʻrūf bi-al-Kātibī.  , wa-ʻalá Ḥāshiyat al-muḥaqqiq al-Sayyid al-Sharīf ʻAlī ibn Muḥammad al-Jurjānī  wa-ʻalá Ḥāshiyat al-ʻAllāmah ʻAbd al-Ḥakīm al-Siyālkūtī, wa-ḥāshiyat al-ʻAllāmah al-Dasūqī, wa-ḥāshiyat al-Mawlá ʻIṣām al-Dīn ʻalá Sharḥ al-Quṭb wa-taqrīr Mawlānā al-ʻAllāmah al-muḥaqqiq ṣāḥib al-faḍīlah al-Shaykh ʻAbd al-Raḥmān al-Shirbīnī  ʻalá ḥāshiyat ʻAbd al-Ḥakīm wa-ḥāshiyat al-Jalāl al-Dawwānī wa-sharḥ al-Saʻd ʻalá al-Shamsīyah.
=260  \\$6880-02$a[Cairo] :$bal-Maṭbaʻah al-Amīrīyah,$c1905.
=300  \\$aonline resource (2 volumes in 1.)
=336  \\$atext$2rdacontent
=337  \\$acomputer$2rdamedia
=338  \\$aonline resource$2rdacarrier
=500  \\$aPart of the Arabic Collections Online (ACO) project, contributed by Princeton University Libraries.
=533  \\$aElectronic reproduction.$bNew York, N.Y. :$cNew York University,$d2020.$5NNU
=546  \\$aIn Arabic.
=650  \0$aLogic$vEarly works to 1800.
=700  1\$6880-03$aQuṭb al-Taḥtānī, Muḥammad ibn Muḥammad,$d1294 or 1295-1364 or 1365.
=700  1\$6880-04$aJurjānī, ʻAlī ibn Muḥammad,$cal-Sayyid al-Sharīf,$d1340-1413.
=700  1\$6880-05$aQazwīnī, ʻAlī ibn ʻUmar,$d1203 or 1204-1276 or 1277.
=710  2\$aPrinceton University.$bLibrary.
=730  0\$aArabic Collections Online.
=776  08$iPrint version:$tal-Majmūʻ al-mushtamil ʻalá Sharḥ Quṭb al-Dīn Maḥmūd ibn Muḥammad al-Rāzī lil-Risālah al-shamsīyah fī al-manṭiq$w(NjP)2579857$w(OCoLC)41973446
=856  40$uhttp://hdl.handle.net/2333.1/wstqk0tk 
=880  02$6245-01$aالمجموع المشتمل على شرح قطب الدين محمود بن محمد الرازي للرسالة الشمسية في المنطق /$cتأليف نجم الدين عمر بن علي القزويني المعروف بالكاتبي.  ، وعلى حاشية المحقق السيد الشريف علي بن محمد الجرجاني  وعلى حاشية العلامة عبد الحكيم السيالكوتي، وحاشية العلامة الدسوقي، وحاشية المولى عاصام الدين على شرح القطب وتقرير مولانا العلامة المحقق صاحب الفضيلة الشيخ عبد الرحمن الشربيني  على حاشية عبد الحكيم وحاشية الجلال الدواني وشرح السعد على الشمسية.
=880  \\$6260-02$a[القاهرة] :$bالمطبعة الاميرية،$c1905.
=880  1\$6700-03$aقطب التحتاني، محمد بن محمد،$d1294 or 1295-1364 or 1365.
=880  1\$6700-04$aجرجاني، علي بن محمد،$cالسيد الشريف،$d1340-1413.
=880  1\$6700-05$aقزويني، علي بن عمر،$d1203 or 1204-1276 or 1277.
=959  \\$aNNU$bWEB$cGENI$t0$mElectronic access$s01
=999  \\$iNjP_2579857$o(OCoLC)ocm41973446$sprinceton_aco004397:v. 1-2$e(ERROR-MISC)$sprinceton_aco004397:v. 1-2

