=LDR  01951nam a2200409Mi 4500
=001  400473
=003  NjP
=006  m\\\\\\\\d\\\\\\\\
=007  cr\cn\|||m|||a
=008  200626s1948\\\\iq\af\\\o\\\\f000\0\ara\d
=040  \\$aZYU$bara$erda$cZYU
=041  1\$aara$hund
=043  \\$aa-iq---
=100  1\$6880-01$aHustad, Kūrdun.
=245  13$6880-02$aal-Usus al-ṭabīʻīyah li-jughrāfīyat al-ʻIrāq /$ctaʼlīf Kūrdun Hustad ; taʻrīb Jāsim Muḥammad al-Khalaf.
=250  \\$6880-03$aal-Ṭabʻah 1.
=260  \\$6880-04$a[Baghdad] :$bWizārat al-Maʻārif,$c1948.
=300  \\$aonline resource (179 pages, 38 unnumbered leaves of plates (some folded)) :$billustrations
=336  \\$atext$2rdacontent
=337  \\$acomputer$2rdamedia
=338  \\$aonline resource$2rdacarrier
=500  \\$aTitle page partially vocalized.
=500  \\$aPart of the Arabic Collections Online (ACO) project, contributed by Princeton University Libraries.
=533  \\$aElectronic reproduction.$bNew York, N.Y. :$cNew York University,$d2020.$5NNU
=651  \0$aIraq$xDescription and travel.
=650  \7$aTravel.$2fast$0(OCoLC)fst01155558
=651  \7$aIraq.$2fast$0(OCoLC)fst01205757
=710  2\$aPrinceton University.$bLibrary.
=730  0\$aArabic Collections Online.
=776  08$iPrint version:$aHustad, Kūrdun.$tal-Usus al-ṭabīʻīyah li-jughrāfīyat al-ʻIrāq$w(NjP)400473$w(OCoLC)22321132
=856  40$uhttp://hdl.handle.net/2333.1/vq83bvvg 
=880  1\$6100-01$aهستد، كوردن.
=880  12$6245-02$aالاسس الطبيعية لجغرافية العراق /$cتأليف كوردن هستد ؛ تعريب جاسم محمد الخلف.
=880  \\$6250-03$aالطبعة 1.
=880  \\$6260-04$a[بغداد] :$bوزارة المعارف،$c1948.
=959  \\$aNNU$bWEB$cGENI$t0$mElectronic access$s01
=999  \\$iNjP_400473$o(OCoLC)ocm22321132$sprinceton_aco004218:$e(ERROR-MISC)$sprinceton_aco004218:

