=LDR  02460nam a2200445Mi 4500
=001  857287
=003  NjP
=006  m\\\\\\\\d\\\\\\\\
=007  cr\cn\|||m|||a
=008  200626s1947\\\\sy\\\\\\ob\\\\000\0\ara\d
=040  \\$aZYU$bara$erda$cZYU
=043  \\$aa-sy---
=100  1\$6880-01$aIrbilī, al-Ḥasan ibn Aḥmad,$d1264 or 1265-1325 or 1326.
=245  10$6880-02$aMadāris Dimashq wa-rubuṭuhā wa-jawāmiʻuhā wa-ḥammāmātuhā /$ctaʼlīf al-Ḥasan ibn Aḥmad ibn Zafar al-Irbilī ; bi-taḥqīq Muḥammad Aḥmad Duhmān.
=260  \\$6880-03$aDimashq :$bMaṭbaʻat al-Taraqqī,$c1947.
=300  \\$aonline resource (30 pages)
=336  \\$atext$2rdacontent
=337  \\$acomputer$2rdamedia
=338  \\$aonline resource$2rdacarrier
=490  1\$6880-04$aMaktab al-dirāsāt al-Islāmīyah fī Dimashq
=500  \\$aPart of the Arabic Collections Online (ACO) project, contributed by Princeton University Libraries.
=504  \\$aIncludes bibliographical references.
=533  \\$aElectronic reproduction.$bNew York, N.Y. :$cNew York University,$d2020.$5NNU
=651  \0$aDamascus (Syria)$xHistory.
=651  \7$aSyria$zDamascus.$2fast$0(OCoLC)fst01207112
=655  \7$aHistory.$2fast$0(OCoLC)fst01411628
=700  1\$6880-05$aDuhmān, Muḥammad Aḥmad.
=710  2\$aPrinceton University.$bLibrary.
=730  0\$aArabic Collections Online.
=776  08$iPrint version:$aIrbilī, al-Ḥasan ibn Aḥmad, 1264 or 1265-1325 or 1326.$tMadāris Dimashq wa-rubuṭuhā wa-jawāmiʻuhā wa-ḥammāmātuhā$w(NjP)857287$w(OCoLC)29685421
=830  \0$6880-06$aMaktab al-dirāsāt al-Islāmīyah fī Dimashq.
=856  40$uhttp://hdl.handle.net/2333.1/0vt4bk3q 
=880  1\$6100-01$aاربلي، الحسن بن احمد،$d1264 or 1265-1325 or 1326.
=880  10$6245-02$aمدارس دمشق وربطها وجوامعها وحماماتها /$cتأليف الحسن بن أحمد بن زفر الإبرلي ؛ بتحقيق محمد أحمد دهام.
=880  \\$6260-03$aدمشق :$bمطبعة الترقي،$c1947.
=880  1\$6490-04$aمكتب الدراسات الاسلامية في دمشق
=880  1\$6700-05$aدهمان، محمد أحمد.
=880  \0$6830-06$aمكتب الدراسات الاسلامية في دمشق.
=959  \\$aNNU$bWEB$cGENI$t0$mElectronic access$s01
=999  \\$iNjP_857287$o(OCoLC)ocm29685421$sprinceton_aco003651:$e(ERROR-MISC)$sprinceton_aco003651:

