=LDR  02263nam a2200433Mi 4500
=001  514881
=003  NjP
=006  m\\\\\\\\d\\\\\\\\
=007  cr\cn\|||m|||a
=008  200626s1884\\\\le\\\\\\o\\\\\000\0\ara\d
=040  \\$aZYU$bara$erda$cZYU
=041  1\$aara$hota
=043  \\$aa-tu---$aaw-----
=110  1\$6880-01$aTurkey.
=240  10$6880-02$aMecelle.$lArabic
=245  13$6880-03$aal-Majallah :$bwa-hiya taḥtawī ʻalá al-qawānīn al-sharʻīyah wa-al-aḥkām al-ʻadlīyah al-muṭābiqah lil-kutub al-fiqhīyah /$cḥarraratʹha lajnah muʼallafah min al-ʻulamāʼ al-muḥaqqiqīn wa-al-fuhamāʼ al-mudaqqiqīn.
=260  \\$6880-04$aBayrūt :$bAl-Maṭbaʻah al-Adabīyah,$c1302 [1884]
=300  \\$aonline resource (269 pages)
=336  \\$atext$2rdacontent
=337  \\$acomputer$2rdamedia
=338  \\$aonline resource$2rdacarrier
=500  \\$aPart of the Arabic Collections Online (ACO) project, contributed by Princeton University Libraries.
=533  \\$aElectronic reproduction.$bNew York, N.Y. :$cNew York University,$d2020.$5NNU
=650  \0$aCivil law$zTurkey.
=650  \0$aCivil law$zMiddle East.
=650  \7$aCivil law.$2fast$0(OCoLC)fst00862544
=651  \7$aMiddle East.$2fast$0(OCoLC)fst01241586
=651  \7$aTurkey.$2fast$0(OCoLC)fst01208963
=710  2\$aPrinceton University.$bLibrary.
=730  0\$aArabic Collections Online.
=776  08$iOnline version:$aTurkey.$sMecelle. Arabic.$tMajallah.$dBayrūt : Al-Maṭbaʻah al-Adabīyah, 1302 [1884]$w(OCoLC)656280412
=776  08$iPrint version:$aTurkey.$tal-Majallah$w(NjP)514881$w(OCoLC)26629647
=856  40$uhttp://hdl.handle.net/2333.1/2rbp02vt 
=880  1\$6110-01$aتركيا.
=880  10$6240-02$aمجلة.$lArabic
=880  12$6245-03$aالمجلة :$bوهي تحتوي على القوانين الشرعية والاحكام العدلية المطابقة للكتب الفقهية /$cحررته لجنة مؤلفة من العلماء المحققين والفهماء المدققين.
=880  \\$6260-04$aبيروت :$bالمطبعة الادبية،$c1302 [1884]
=959  \\$aNNU$bWEB$cGENI$t0$mElectronic access$s01
=999  \\$iNjP_514881$o(OCoLC)ocm26629647$sprinceton_aco002503$e(ERROR-MISC)$sprinceton_aco002503

