=LDR  01882nam a2200385Mi 4500
=001  3200979
=003  NjP
=006  m\\\\\\\\d\\\\\\\\
=007  cr\cn\|||m|||a
=008  200626s196u\\\\sy\\\\\\ol\\\\000\0\ara\d
=040  \\$aZYU$bara$erda$cZYU
=043  \\$aa-sy---
=110  1\$6880-01$aSyria.
=240  10$aLaws, etc.
=245  10$6880-02$aQānūn al-ʻuqūbāt muḍāf ilayhi al-taʻdīlāt wa-al-qarārāt al-akhīrah :$bmarsūm tashrīʻī raqm 148.
=260  \\$6880-03$aDimashq :$bMuʼassasat al-Nuwayrī,$c[196-?]
=300  \\$aonline resource (224 pages)
=336  \\$atext$2rdacontent
=337  \\$acomputer$2rdamedia
=338  \\$aonline resource$2rdacarrier
=500  \\$aAt head of title: al-Jumhūrīyah al-ʻArabīyah al-Mutaḥḥidah, al-Iqlīm al-Sūrī.
=500  \\$aPart of the Arabic Collections Online (ACO) project, contributed by Princeton University Libraries.
=533  \\$aElectronic reproduction.$bNew York, N.Y. :$cNew York University,$d2020.$5NNU
=650  \0$aCriminal law$zSyria.
=650  \7$aCriminal law.$2fast$0(OCoLC)fst00883328
=651  \7$aSyria.$2fast$0(OCoLC)fst01208757
=710  2\$aPrinceton University.$bLibrary.
=730  0\$aArabic Collections Online.
=776  08$iPrint version:$aSyria.$tQānūn al-ʻuqūbāt muḍāf ilayhi al-taʻdīlāt wa-al-qarārāt al-akhīrah$w(NjP)3200979$w(OCoLC)49366529
=856  40$uhttp://hdl.handle.net/2333.1/31zcrv0j 
=880  1\$6110-01$aسوريا.
=880  10$6245-02$aقانون العقوبات مضاف اليه التعديلات والقرارات الاخيرة :$bمرسوم تشريعي رقم 148.
=880  \\$6260-03$aدمشق :$bمؤسسة النويري،$c[196-?]
=959  \\$aNNU$bWEB$cGENI$t0$mElectronic access$s01
=999  \\$iNjP_3200979$o(OCoLC)ocm49366529$sprinceton_aco003932:$e(ERROR-880)(ERROR-MISC)$sprinceton_aco003932:

