=LDR  02006nam a2200421Mi 4500
=001  199020
=003  NjP
=006  m\\\\\\\\d\\\\\\\\
=007  cr\cn\|||m|||a
=008  200626m19769999ir\\\\\\ob\\\\000\0\ara\d
=040  \\$aZYU$bara$erda$cZYU
=100  1\$6880-01$aṢadr, Muḥammad Bāqir.
=245  10$6880-02$aBuḥūth fī sharḥ al-ʻUrwah al-wuthqā /$cMuḥammad Bāqir al-Ṣadr.
=250  \\$6880-03$aAl-Ṭabʻah 2.
=260  \\$6880-04$aQum, Īrān :$bAl-Maktabah al-Islāmīyah al-Kubrá,$c1397- [1976 or 1977-]
=300  \\$aonline resource (volumes)
=336  \\$atext$2rdacontent
=337  \\$acomputer$2rdamedia
=338  \\$aonline resource$2rdacarrier
=500  \\$aPart of the Arabic Collections Online (ACO) project, contributed by Princeton University Libraries.
=504  \\$aIncludes bibliographical references.
=500  \\$aIn Arabic.
=533  \\$aElectronic reproduction.$bNew York, N.Y. :$cNew York University,$d2020.$5NNU
=600  10$aṬabāṭabāʼī al-Yazdī, Muḥammad Kāẓim,$d-1919.$tʻUrwah al-wuthqá.
=650  \0$aPurity, Ritual$xIslam.
=650  \0$aShīʻah.
=650  \7$aPurity, Ritual$xIslam.$2fast$0(OCoLC)fst01084388
=650  \7$aShīʻah.$2fast$0(OCoLC)fst01117946
=710  2\$aPrinceton University.$bLibrary.
=730  0\$aArabic Collections Online.
=776  08$iPrint version:$aṢadr, Muḥammad Bāqir.$tBuḥūth fī sharḥ al-ʻUrwah al-wuthqā$w(NjP)199020$w(OCoLC)19360811
=856  40$uhttp://hdl.handle.net/2333.1/xsj3v732 
=880  1\$6100-01$aصدر، محمد باقر.
=880  10$6245-02$aبحوث في شرح العروة الوثقى /$cمحمد باقر الصدر.
=880  \\$6250-03$aالطبعة 2.
=880  \\$6260-04$aقم، ايران :$bالمكتبة الاسلامية الكبرى،$c1397- [1976 or 1977-]
=959  \\$aNNU$bWEB$cGENI$t0$mElectronic access$s01
=999  \\$iNjP_199020$o(OCoLC)ocm19360811$sprinceton_aco002970:juz 1$e(ERROR-MISC)$sprinceton_aco002970:juz 1

