=LDR  02145nam a2200421Mi 4500
=001  2834710
=003  NjP
=006  m\\\\\\\\d\\\\\\\\
=007  cr\cn\|||m|||a
=008  200626s1911\\\\le\\\\\\o\\\\\000\0\ara\d
=040  \\$aZYU$bara$erda$cZYU
=041  1\$aara$hund
=100  0\$6880-01$aAhmet Saip,$d1859-1920.
=245  10$6880-02$aWāqiʻat al-sulṭān ʻAbd al-ʻAzīz.$cTaʻrīb Muḥammad Tawfīq Jānā.
=250  \\$6880-03$aṬabʻah 2.
=260  \\$6880-04$aBayrūt :$bMaṭbaʻat al-Iqtiṣād,$c1911.
=300  \\$aonline resource (276 pages,)
=336  \\$atext$2rdacontent
=337  \\$acomputer$2rdamedia
=338  \\$aonline resource$2rdacarrier
=500  \\$aArabic translation of Vaqʻa-i Sultan Abd al-Aziz.
=500  \\$aPart of the Arabic Collections Online (ACO) project, contributed by Princeton University Libraries.
=533  \\$aElectronic reproduction.$bNew York, N.Y. :$cNew York University,$d2020.$5NNU
=600  00$aAbdülaziz,$cSultan of the Turks,$d1830-1876.
=600  07$aAbdülaziz,$cSultan of the Turks,$d1830-1876$2fast$0(OCoLC)fst00375777
=700  1\$6880-05$aJānā, Muḥammad Tawfīq. 
=710  2\$aPrinceton University.$bLibrary.
=730  0\$aArabic Collections Online.
=776  08$iOnline version:$aAhmet Saip, 1859-1920.$tWāqiʻat al-sulṭān ʻAbd al-ʻAzīz.$bṬabʻah 2.$dBeirut, Maṭbaʻat al-Iqtiṣād [1911]$w(OCoLC)656844170
=776  08$iPrint version:$aAhmet Saip, 1859-1920.$tWāqiʻat al-sulṭān ʻAbd al-ʻAzīz$w(NjP)2834710$w(OCoLC)42909421
=856  40$uhttp://hdl.handle.net/2333.1/6djhb5n3 
=880  0\$6100-01$a‏أحمد صائب،‏$d1859-1920.
=880  10$6245-02$a‏واقعة السلطان عبد العزيز /‏$c‏تأليف أحمد صائب بك ؛ تعريب محمد توفيق جانا.
=880  \\$6250-03$aطبعة 2.
=880  \\$6260-04$aبيروت :$bمطبعة الاقتصاد،$c1911.
=880  1\$6700-05$a‏جانا، محمد توفيق.
=959  \\$aNNU$bWEB$cGENI$t0$mElectronic access$s01
=999  \\$iNjP_2834710$o(OCoLC)ocm42909421$sprinceton_aco004169:$e(ERROR-MISC)$sprinceton_aco004169:

