=LDR  02442nam a2200385Mi 4500
=001  2790905
=003  NjP
=006  m\\\\\\\\d\\\\\\\\
=007  cr\cn\|||m|||a
=008  200626s18uu\\\\mr\\\\\\o\\\\\000\0\ara\d
=040  \\$aZYU$bara$erda$cZYU
=100  1\$6880-01$aBinnīs, Muḥammad ibn Aḥmad,$dapproximately 1747-1798 or 1799.
=245  10$6880-02$aLawāmiʻ anwār al-kawkab al-durrī fī qaṣīdat al-Imām al-Būṣīrī /$clil-Shaykh Abī ʻAbd Allāh Muḥammad ibn Aḥmad Binnīs.
=260  \\$a[Morocco] :$b[publisher not identified],$c[18--?]
=300  \\$aonline resource (344 pages)
=336  \\$atext$2rdacontent
=337  \\$acomputer$2rdamedia
=338  \\$aonline resource$2rdacarrier
=500  \\$aPart of the Arabic Collections Online (ACO) project, contributed by Princeton University Libraries.
=533  \\$aElectronic reproduction.$bNew York, N.Y. :$cNew York University,$d2020.$5NNU
=600  10$aBūṣīrī, Sharaf al-Dīn Muḥammad ibn Saʻīd,$d1213?-1296?$tHamzīyah fī madḥ Khayr al-Barīyah.
=600  00$aMuḥammad,$cProphet,$d-632$vPoetry.
=600  07$aMuḥammad,$cProphet,$d-632.$2fast$0(OCoLC)fst01836298
=630  07$aHamzīyah fī madḥ Khayr al-Barīyah (Būṣīrī, Sharaf al-Dīn Muḥammad ibn Saʻīd)$2fast$0(OCoLC)fst01371173
=655  \7$aPoetry.$2fast$0(OCoLC)fst01423828
=655  \7$aLithographs$zMorocco.$2gmgpc
=710  2\$aPrinceton University.$bLibrary.
=730  0\$aArabic Collections Online.
=776  08$iOnline version:$aBinnīs, Muḥammad ibn Aḥmad, approximately 1747-1798 or 9.$tLawāmiʻ anwār al-kawkab al-durrī fī qaṣīdat al-Imām al-Būṣīrī.$d[Morocco : s.n., 18--?]$w(OCoLC)657046332
=776  08$iPrint version:$aBinnīs, Muḥammad ibn Aḥmad, approximately 1747-1798 or 1799.$tLawāmiʻ anwār al-kawkab al-durrī fī qaṣīdat al-Imām al-Būṣīrī$w(NjP)2790905$w(OCoLC)84280283
=856  40$uhttp://hdl.handle.net/2333.1/ttdz0kcr 
=880  1\$6100-01$aبنيس، محمد بن احمد،$dapproximately 1747-1798 or 1799.
=880  10$6245-02$aلوامع انوار الكوكب الدري في قصيدة الامام البوصيري /$cللشيخ ابي عبد الله محمد بن احمد بنيس. 
=959  \\$aNNU$bWEB$cGENI$t0$mElectronic access$s01
=999  \\$iNjP_2790905$o(OCoLC)ocm84280283$sprinceton_aco004157:$e(ERROR-880)(ERROR-MISC)$sprinceton_aco004157:

