=LDR  03190nam a2200529Mi 4500
=001  4251071
=003  NjP
=006  m\\\\\\\\d\\\\\\\\
=007  cr\cn\|||m|||a
=008  200626m19849999ir\\\\\\o\\\\\000\0\ara\d
=040  \\$aZYU$bara$erda$cZYU
=043  \\$aa-su---
=100  1\$6880-01$aMuḥaqqiq al-Ṭihrānī, Muḥammad Riḍā.
=240  10$6880-02$aKitāb al-Ḥajj min Khulāṣat al-ḥaqāʼiq fī sharḥ Sharāʼiʻ al-Islām
=245  13$6880-03$aal-Mujallad al-thānī min Kitāb al-Ḥajj min Khulāṣat al-ḥaqāʼiq fī sharḥ Sharāʼiʻ al-Islām /$ctaṣnīf Muḥammad Riḍā al-mushtahar bi-al-Muḥaqqiq al-Ṭihrānī.
=246  30$6880-04$aKitāb al-Ḥajj min Khulāṣat al-ḥaqāʼiq fī sharḥ Sharāʼiʻ al-Islām
=246  30$6880-05$aKhulāṣt al-ḥaqāʼiq
=250  \\$6880-06$aal-Ṭabʻah 1.
=260  \\$6880-07$aQum :$bal-Maṭbaʻah al-ʻIlmīyah,$c1405- [1984]-
=300  \\$aonline resource (volumes)
=336  \\$atext$2rdacontent
=337  \\$acomputer$2rdamedia
=338  \\$aonline resource$2rdacarrier
=500  \\$aPart of the Arabic Collections Online (ACO) project, contributed by Princeton University Libraries.
=533  \\$aElectronic reproduction.$bNew York, N.Y. :$cNew York University,$d2020.$5NNU
=600  10$aMuḥaqqiq al-Ḥillī, Jaʻfar ibn al-Ḥasan,$d1205 or 1206-1277.$tSharāʼiʻ al-Islām.
=650  \0$aMuslim pilgrims and pilgrimages$zSaudi Arabia$zMecca.
=650  \0$aIslamic law$xInterpretation and construction.
=650  \0$aShīʻah.
=630  07$aSharāʼiʻ al-Islām (Muḥaqqiq al-Ḥillī, Jaʻfar ibn al-Ḥasan)$2fast$0(OCoLC)fst01370927
=650  \7$aIslamic law$xInterpretation and construction.$2fast$0(OCoLC)fst00979955
=650  \7$aMuslim pilgrims and pilgrimages.$2fast$0(OCoLC)fst01030970
=650  \7$aShīʻah.$2fast$0(OCoLC)fst01117946
=651  \7$aSaudi Arabia$zMecca.$2fast$0(OCoLC)fst01204780
=710  2\$aPrinceton University.$bLibrary.
=730  0\$aArabic Collections Online.
=776  08$iPrint version:$aMuḥaqqiq al-Ṭihrānī, Muḥammad Riḍā.$tal-Mujallad al-thānī min Kitāb al-Ḥajj min Khulāṣat al-ḥaqāʼiq fī sharḥ Sharāʼiʻ al-Islām$w(NjP)4251071$w(OCoLC)57525217
=856  40$uhttp://hdl.handle.net/2333.1/5dv41zd0 
=880  1\$6100-01$aمحقق الطهراني، محمد رضا.
=880  10$6240-02$aكتاب الحج من خلاصة الحقائق في شرح شرائع الاسلام
=880  12$6245-03$aالمجلد الثاني من كتاب الحج من خلاصة الحقائق في شرح شرائع الاسلام /$cتصنيف محمد رضا المشتهر بالمحقق الطهراني.
=880  30$6246-04$aكتاب الحج من خلاصة الحقائق في شرح شرائع الاسلام
=880  30$6246-05$aخلاصة الحقائق
=880  \\$6250-06$aالطبعة 1.
=880  \\$6260-07$aقم :$bالمطبعة العلمية،$c1405- [1984]-
=959  \\$aNNU$bWEB$cGENI$t0$mElectronic access$s01
=999  \\$iNjP_4251071$o(OCoLC)ocm57525217$sprinceton_aco004342:mujallad 2$e(ERROR-MISC)$sprinceton_aco004342:mujallad 2

