=LDR  01975nam a2200301Mi 4500
=001  2770245
=003  NjP
=006  m\\\\\\\\d\\\\\\\\
=007  cr\cn\|||m|||a
=008  200626s1932\\\\le\\\\\\o\\\\\000\0\ara\d
=040  \\$aZYU$bara$erda$cZYU
=245  00$6880-01$aDhikrá baʻda ʻām li-faqīd al-waṭan wa-al-Islām al-ʻallāmah al-jalīl al-shaykh Muṣṭafá Najā Muftī Bayrūt al-akbar :$b1350-23 Ramaḍān wa-31 Kānūn al-Thāni 1932 fī 1351-23 Ramaḍān wa-31 Kānūn al-Thānī 1933.
=260  \\$6880-02$a[Place of publication not identified] :$b[publisher not identified],$c1932$e([Bayrūt] :$fMaṭbaʻat al-Dabūr)
=300  \\$aonline resource (248 pages)
=336  \\$atext$2rdacontent
=337  \\$acomputer$2rdamedia
=338  \\$aonline resource$2rdacarrier
=500  \\$aPart of the Arabic Collections Online (ACO) project, contributed by Princeton University Libraries.
=533  \\$aElectronic reproduction.$bNew York, N.Y. :$cNew York University,$d2020.$5NNU
=600  10$aNajā, Muṣṭafá
=710  2\$aPrinceton University.$bLibrary.
=730  0\$aArabic Collections Online.
=776  08$iPrint version:$tDhikrá baʻda ʻām li-faqīd al-waṭan wa-al-Islām al-ʻallāmah al-jalīl al-shaykh Muṣṭafá Najā Muftī Bayrūt al-akbar$w(NjP)2770245$w(OCoLC)33854836
=856  40$uhttp://hdl.handle.net/2333.1/hdr7t1k1 
=880  00$6245-01$aذكرى بعد عام لفقيد الوطن والاسلام العلامة الجليل الشيخ مصطفى نجا مفتي بيروت الاكبر :$b1350-23 رمضان و31 كانون الثان 1932 في 1351-23 رمضان و31 كانون الثاني 1933.
=880  \\$6260-02$a[Place of publication not identified] :$b[publisher not identified],$c1932 ([بيروت] :$fمطبعة الدبور)
=959  \\$aNNU$bWEB$cGENI$t0$mElectronic access$s01
=999  \\$iNjP_2770245$o(OCoLC)ocm33854836$sprinceton_aco004431:$e(ERROR-MISC)$sprinceton_aco004431:

