=LDR  01649nam a2200373Mi 4500
=001  2787956
=003  NjP
=006  m\\\\\\\\d\\\\\\\\
=007  cr\cn\|||m|||a
=008  200626s1960\\\\sy\\\\\\o\\\\\000\0\ara\d
=040  \\$aZYU$bara$erda$cZYU
=043  \\$af-ua---$aa-sy---
=100  1\$6880-01$aḤashwah, Adwār.
=245  10$6880-02$aSharḥ qānūn al-ʻamal al-muwaḥḥad.
=260  \\$6880-03$a[Damascus] :$bal-Maṭbaʻah al-Jadīdah,$c[1960]
=300  \\$aonline resource (375 pages)
=336  \\$atext$2rdacontent
=337  \\$acomputer$2rdamedia
=338  \\$aonline resource$2rdacarrier
=500  \\$aPart of the Arabic Collections Online (ACO) project, contributed by Princeton University Libraries.
=533  \\$aElectronic reproduction.$bNew York, N.Y. :$cNew York University,$d2020.$5NNU
=546  \\$aIn Arabic.
=650  \0$aLabor laws and legislation$zUnited Arab Republic.
=650  \7$aLabor laws and legislation.$2fast$0(OCoLC)fst00989967
=651  \7$aUnited Arab Republic.$2fast$0(OCoLC)fst01208756
=710  2\$aPrinceton University.$bLibrary.
=730  0\$aArabic Collections Online.
=776  08$iPrint version:$aḤashwah, Adwār.$tSharḥ qānūn al-ʻamal al-muwaḥḥad$w(NjP)2787956$w(OCoLC)42862749
=856  40$uhttp://hdl.handle.net/2333.1/vx0k6qbv 
=880  1\$6100-01$aحشوة، ادوار. 
=880  10$6245-02$aشرح قانون العمل الموحد.
=880  \\$6260-03$a[دمشق] :$bالمطبعة الجديدة،$c[1960]
=959  \\$aNNU$bWEB$cGENI$t0$mElectronic access$s01
=999  \\$iNjP_2787956$o(OCoLC)ocm42862749$sprinceton_aco002491$e(ERROR-MISC)$sprinceton_aco002491

