=LDR  01893nam a2200361Mi 4500
=001  519125
=003  NjP
=006  m\\\\\\\\d\\\\\\\\
=007  cr\cn\|||m|||a
=008  200626s1985\\\\ir\\\\\\o\\\\\000\0\ara\d
=040  \\$aZYU$bara$erda$cZYU
=043  \\$aa-ir---
=245  03$6880-01$aal-Shiʻr al-thāʼir /$ciʻdād Muʻāwanīyat al-ʻAlāqāt al-Dawlīyah fī Munaẓ̣ẓamat al-Iʻlām al-Islāmī.
=260  \\$6880-02$a[Ṭihrān] :$bSāzmān-i Tablīghāt-i Islāmī,$c1985.
=300  \\$aonline resource (70 pages)
=336  \\$atext$2rdacontent
=337  \\$acomputer$2rdamedia
=338  \\$aonline resource$2rdacarrier
=500  \\$aPart of the Arabic Collections Online (ACO) project, contributed by Princeton University Libraries.
=533  \\$aElectronic reproduction.$bNew York, N.Y. :$cNew York University,$d2020.$5NNU
=650  \0$aPolitical poetry, Arabic$zIran.
=650  \7$aPolitical poetry, Arabic.$2fast$0(OCoLC)fst01069522
=651  \7$aIran.$2fast$0(OCoLC)fst01204889
=710  2\$6880-03$aSāzmān-i Tablīghāt-i Islāmī (Tehran, Iran).$bQism al-ʻAlāqāt al-Dawlīyah.
=710  2\$aPrinceton University.$bLibrary.
=730  0\$aArabic Collections Online.
=776  08$iPrint version:$tal-Shiʻr al-thāʼir$w(NjP)519125$w(OCoLC)22317123
=856  40$uhttp://hdl.handle.net/2333.1/qfttf7q5 
=880  02$6245-01$aالشعر الثائر /$cاعداد معاونية العلاقات الدولية في منظمة الاعلام الاسلامي.
=880  \\$6260-02$a[طهران] :$bسازمان تبلىغات اسلامى،$c1985.
=880  2\$6710-03$aسازمان تبلىغات اسلامى (طهران، ايران).$bقسم العلاقات الدولية.
=959  \\$aNNU$bWEB$cGENI$t0$mElectronic access$s01
=999  \\$iNjP_519125$o(OCoLC)ocm22317123$sprinceton_aco004002:$e(ERROR-MISC)$sprinceton_aco004002:

