=LDR  02014nam a2200445Mi 4500
=001  462868
=003  NjP
=006  m\\\\\\\\d\\\\\\\\
=007  cr\cn\|||m|||a
=008  200626q19801988ir\\\\\\o\\\\\000\0\ara\d
=040  \\$aZYU$bara$erda$cZYU
=100  1\$6880-01$aMujāhid, Muḥammad ibn ʻAlī,$d1766 or 1767-1826 or 1827.
=240  10$6880-02$aManāhil
=245  10$6880-03$aKitāb al-manāhil /$ctaʼlīf Muḥammad al-Ṭabāṭabāʼī.
=246  3\$6880-04$aManāhil
=260  \\$6880-05$a[Iran] :$bMuʼassasat Āl al-Bayt,$c[198-?]
=300  \\$aonline resource (758 pages)
=336  \\$atext$2rdacontent
=337  \\$acomputer$2rdamedia
=338  \\$aonline resource$2rdacarrier
=500  \\$aTitle page partially vocalized.
=500  \\$aGlosses in the margins.
=500  \\$aPart of the Arabic Collections Online (ACO) project, contributed by Princeton University Libraries.
=533  \\$aElectronic reproduction.$bNew York, N.Y. :$cNew York University,$d2020.$5NNU
=534  \\$pReprint.
=650  \0$aIslamic law$xInterpretation and construction.
=650  \0$aShiites.
=650  \7$aIslamic law$xInterpretation and construction.$2fast$0(OCoLC)fst00979955
=650  \7$aShiites.$2fast$0(OCoLC)fst01115976
=710  2\$aPrinceton University.$bLibrary.
=730  0\$aArabic Collections Online.
=776  08$iPrint version:$aMujāhid, Muḥammad ibn ʻAlī, 1766 or 1767-1826 or 1827.$tKitāb al-manāhil$w(NjP)462868$w(OCoLC)28007993
=856  40$uhttp://hdl.handle.net/2333.1/8w9gj6r7 
=880  1\$6100-01$aمجاهد، محمد بن علي،$d1766 or 1767-1826 or 1827.
=880  10$6240-02$aمناهل 
=880  10$6245-03$aكتاب المناهل /$cتأليف محمد الطباطبائي.
=880  3\$6246-04$aمناهل
=880  \\$6260-05$a[ايران] :$bمؤسسة آل البيت،$c[198-?]
=959  \\$aNNU$bWEB$cGENI$t0$mElectronic access$s01
=999  \\$iNjP_462868$o(OCoLC)ocm28007993$sprinceton_aco003985:$e(ERROR-MISC)$sprinceton_aco003985:

