=LDR  02975nam a2200385Mi 4500
=001  2579842
=003  NjP
=006  m\\\\\\\\d\\\\\\\\
=007  cr\cn\|||m|||a
=008  200626s1891\\\\le\c\\\\o\\\\\000\0\ara\d
=040  \\$aZYU$bara$erda$cZYU
=050  \4$aCT1919.I78$bD388 1891
=100  1\$6880-01$aTarrāzī, Fīlīb Dī,$d1865-1956.
=245  13$6880-02$aal-Qilādah al-nafīsah fī faqīd al-ʻilm wa-al-kanīsah :$bal-muthallath al-raḥmah al-Sayyid Iqlīmīs Yūsuf Dāwud ... wa-huwa majmūʻ mā warada fī taʼbīn al-ḥibr al-mushār ilayhi min afāḍil al-sharq wa-al-gharb fī ʻishrīn lughah. Wa-yataqaddamuhā fadhlakah fī ʻashr fuṣūl taḥtawī ʻalá tarjamat ḥāl al-faqīd wa-jadwal taʼālīfihi /$cmin qalam jāmiʻ al-kitāb Fīlīb Naṣr Allāh Ṭarrāzī.
=246  1\$iAdded title page:$aCollier précieux, ou biographie de Mgr. Clément Joseph David ...$bet recueil des élégies composées en son honneur ...
=260  \\$6880-03$aBayrūt :$bal-Maṭbʻah al-Kāthūlīkīyah,$c1891.
=300  \\$aonline resource (203 pages) :$bportrait
=336  \\$atext$2rdacontent
=337  \\$acomputer$2rdamedia
=338  \\$aonline resource$2rdacarrier
=500  \\$aPart of the Arabic Collections Online (ACO) project, contributed by Princeton University Libraries.
=533  \\$aElectronic reproduction.$bNew York, N.Y. :$cNew York University,$d2020.$5NNU
=600  10$6880-04$aDāwūd, Yūsuf,$d1829-1890
=600  17$aDāwūd, Yūsuf,$d1829-1890$2fast$0(OCoLC)fst00171061
=710  2\$aPrinceton University.$bLibrary.
=730  0\$aArabic Collections Online.
=776  08$iOnline version:$aTarrāzī, Fīlīb Dī, al-Fīkunt, 1865-1956.$tQilādah al-nafīsah fī faqīd al-ʻilm wa-al-kanīsah .$dBeirut, al-Maṭbʻah al-Kāthūlīkīyah, 1891$w(OCoLC)656841705
=776  08$iPrint version:$aTarrāzī, Fīlīb Dī, 1865-1956.$tal-Qilādah al-nafīsah fī faqīd al-ʻilm wa-al-kanīsah$w(NjP)2579842$w(OCoLC)41972656
=856  40$uhttp://hdl.handle.net/2333.1/ncjsxwgn 
=880  1\$6100-01$aطرازي، فيليب دي،$d1865-1956.
=880  12$6245-02$aالقلادة النفيسة في فقيد العلم والكنيسة :$bالمثلث الرحمة السيد اقليميس يوسف داود ... وهو مجموع ما ورد في تأبين الحبر المشار اليه من افاضل الشرق والغرب في عشرين لغة. ويتقدمها فذلكة في عشر فصول تحتوي على ترجمة حال الفقيد وجدول تآليفه /$cمن قلم جامع الكتاب فيليب نصر الله طرازي.
=880  \\$6260-03$aبيروت :$bالمطبعة الكاثوليكية،$c1891.
=880  14$6600-04$aداوود، يوسف،,$d1829-1890
=959  \\$aNNU$bWEB$cGENI$t0$mElectronic access$s01
=999  \\$iNjP_2579842$o(OCoLC)ocm41972656$sprinceton_aco004267:$e(ERROR-880)$sprinceton_aco004267:

