=LDR  01986nam a2200361Mi 4500
=001  2786313
=003  NjP
=006  m\\\\\\\\d\\\\\\\\
=007  cr\cn\|||m|||a
=008  200626s1961\\\\sy\\\\\\o\\\\\000\0\ara\d
=040  \\$aZYU$bara$erda$cZYU
=100  1\$6880-01$aIbn ʻĀbidīn, Muḥammad ibn Muḥammad Amīn,$d-1888 or 1889.
=245  13$6880-02$aal-Hadīyah al-ʻalāʼīyah /$ctaʼlīf ʻAlāʼ al-Dīn ʻĀbidīn. Wa-bi-dhaylihi al-taʻlīqāt al-murḍīyah ʻalá al-hadīyah al-ʻalāʼīyah / li-Muḥammad Saʻīd al-Burhānī.
=260  \\$6880-03$a[Dimashq] :$b[Dār al-Fikr],$c1961.
=300  \\$aonline resource (431 pages)
=336  \\$atext$2rdacontent
=337  \\$acomputer$2rdamedia
=338  \\$aonline resource$2rdacarrier
=500  \\$aPart of the Arabic Collections Online (ACO) project, contributed by Princeton University Libraries.
=533  \\$aElectronic reproduction.$bNew York, N.Y. :$cNew York University,$d2020.$5NNU
=546  \\$aIn Arabic.
=650  \0$aHanafites.
=700  1\$6880-04$aBurhānī, Muḥammad Saʻīd.
=710  2\$aPrinceton University.$bLibrary.
=730  0\$aArabic Collections Online.
=776  08$iPrint version:$aIbn ʻĀbidīn, Muḥammad ibn Muḥammad Amīn, -1888 or 1889.$tal-Hadīyah al-ʻalāʼīyah$w(NjP)2786313$w(OCoLC)42823953
=856  40$uhttp://hdl.handle.net/2333.1/gtht7h6r 
=880  1\$6100-01$aابن عابدين، محمد بن محمد امين،$d-1888 or 1889.
=880  12$6245-02$aالهدية العلائية /$cتأليف علاء الدين عابدين. وبذيل التعليقات المرضية على الهدية العلائية / لمحمد سعيد البرهاني.
=880  \\$6260-03$a[دمشق] :$b[دار الفكر]،$c1961.
=880  1\$6700-04$aبرهاني، محمد سعيد.
=959  \\$aNNU$bWEB$cGENI$t0$mElectronic access$s01
=999  \\$iNjP_2786313$o(OCoLC)ocm42823953$sprinceton_aco004407:$e(ERROR-MISC)$sprinceton_aco004407:

