=LDR  04124nam a2200541Mi 4500
=001  2792309
=003  NjP
=006  m\\\\\\\\d\\\\\\\\
=007  cr\cn\|||m|||a
=008  200626s1898\\\\mr\\\\\\o\\\\\000\0\ara\d
=040  \\$aZYU$bara$erda$cZYU
=100  1\$6880-01$aIbn al-Sakkāk, Muḥammad ibn Abī Ghālib,$d-1415 or 1416.
=240  10$6880-02$aNaṣḥ mulūk al-Islām
=245  10$6880-03$aKitāb Naṣḥ mulūk al-Islām bi-al-taʻrīf bi-mā yajibu ʻalayhim min ḥuqūq Āl al-Bayt al-kirām ʻalayhim afḍal al-ṣalāh wa-azká al-salām /$clil-Shaykh Abī ʻAbd Allāh Muḥammad ibn Abī Ghālib al-Miknāsī al-maʻrūf bi-Ibn al-Sakkāk. Wa-baʻdahu Taʼlīf jalīl fī al-Imāmah al-ʻuẓmá / lil-Shaykh Abī Muḥammad ʻAbd al-Qādir ibn ʻAlī ibn Yūsuf al-Fāsī. Wa-yalīhumā Taʼlīf nafīs fī ahl al-dhimmah laʻanahum Allāh ajāba bi-hi ... Jaʻfar ibn Idrīs al-Kattānī.
=246  30$6880-04$aNaṣḥ mulūk al-Islām bi-al-taʻrīf bi-mā yajibu ʻalayhim min ḥuqūq Āl al-Bayt al-kirām
=260  \\$a[Morocco] :$b[publisher not identified],$c1316 [1898 or 1899]
=300  \\$aonline resource (68 pages)
=336  \\$atext$2rdacontent
=337  \\$acomputer$2rdamedia
=338  \\$aonline resource$2rdacarrier
=500  \\$aPart of the Arabic Collections Online (ACO) project, contributed by Princeton University Libraries.
=533  \\$aElectronic reproduction.$bNew York, N.Y. :$cNew York University,$d2020.$5NNU
=650  \0$aLeadership$xReligious aspects$xIslam$vEarly works to 1800.
=650  \0$aImamate$vEarly works to 1800.
=650  \0$aDhimmis (Islamic law)
=650  \7$aDhimmis (Islamic law)$2fast$0(OCoLC)fst01797956
=650  \7$aImamate.$2fast$0(OCoLC)fst00967643
=650  \7$aLeadership$xReligious aspects$xIslam.$2fast$0(OCoLC)fst00994721
=655  \7$aEarly works.$2fast$0(OCoLC)fst01411636
=655  \7$aLithographs$zMorocco$y1898.$2gmgpc
=700  02$6880-05$aʻAbd al-Qādir al-Fāsī,$d1599-1680.$tTaʼlīf fī al-Imāmah.
=700  12$6880-06$aKattānī, Jaʻfar ibn Idrīs,$d1830 or 1831-1905.$tTaʼlīf fī ahl al-dhimmah.
=710  2\$aPrinceton University.$bLibrary.
=730  0\$aArabic Collections Online.
=740  0\$6880-07$aTaʼlīf fī al-Imāmah.
=740  0\$6880-08$aTaʼlīf fī ahl al-dhimmah.
=776  08$iPrint version:$aIbn al-Sakkāk, Muḥammad ibn Abī Ghālib, -1415 or 1416.$tKitāb Naṣḥ mulūk al-Islām bi-al-taʻrīf bi-mā yajibu ʻalayhim min ḥuqūq Āl al-Bayt al-kirām ʻalayhim afḍal al-ṣalāh wa-azká al-salām$w(NjP)2792309$w(OCoLC)80619698
=856  40$uhttp://hdl.handle.net/2333.1/9w0vtf2v 
=880  1\$6100-01$aابن السكاك، محمد بن ابي غالب،$d-1415 or 1416.
=880  10$6240-02$aنصح ملوك الاسلام
=880  10$6245-03$aكتاب نصح ملوك الاسلام بالتعريف بما يجب عليهم من حقوق آل البيت الكرام عليهم افضل الصلاه وازكى السلام /$cللشيخ ابي عبد الله محمد بن ابي غال المكناسي المعروف بابن السكاك. وبعده تأليف جليل في الامامة العظمى / للشيخ ابي محمد عبد القادر بن علي بن يوسف الفاسي. ويليهما تأليف نفيس في اهل الذمة لعنهم الله اجاب به ... جعفر بن ادريس الكتاني.
=880  30$6246-04$aنصح ملوك الاسلام بالتعريف بما يجب عليهم من حقوق آل البيت الكرام
=880  02$6700-05$aعبد القادر الفاسي،$d1599-1680.$tتأليف في الامامة.
=880  12$6700-06$aكتاني، جعفر بن ادريس،$d1830 or 1831-1905.$tتأليف في اهل الذمة.
=880  0\$6740-07$aتأليف في الامامة.
=880  0\$6740-08$aتأليف في اهل الذمة.
=959  \\$aNNU$bWEB$cGENI$t0$mElectronic access$s01
=999  \\$iNjP_2792309$o(OCoLC)ocm80619698$sprinceton_aco003123$e(ERROR-880)(ERROR-MISC)$sprinceton_aco003123

