=LDR  01573nam a2200337Mi 4500
=001  810550
=003  NjP
=006  m\\\\\\\\d\\\\\\\\
=007  cr\cn\|||m|||a
=008  200626s1982\\\\ir\\\\\\ob\\\\000\0\ara\d
=040  \\$aZYU$bara$erda$cZYU
=100  1\$6880-01$aFānī, ʻAlī.
=245  10$6880-02$aĀrāʼ ḥawla Kitāb al-ijārah /$ctaqrīr baḥth ʻAlī al-Fānī al-Iṣfahānī.
=260  \\$a[Qum] :$b[publisher not identified],$c1403 [1982 or 1983]
=300  \\$aonline resource (450, 5 pages)
=336  \\$atext$2rdacontent
=337  \\$acomputer$2rdamedia
=338  \\$aonline resource$2rdacarrier
=500  \\$aPart of the Arabic Collections Online (ACO) project, contributed by Princeton University Libraries.
=504  \\$aIncludes bibliographical references.
=533  \\$aElectronic reproduction.$bNew York, N.Y. :$cNew York University,$d2020.$5NNU
=650  \0$aLeases (Islamic law)
=650  \7$aLeases (Islamic law)$2fast$0(OCoLC)fst00995068
=710  2\$aPrinceton University.$bLibrary.
=730  0\$aArabic Collections Online.
=776  08$iPrint version:$aFānī, ʻAlī.$tĀrāʼ ḥawla Kitāb al-ijārah$w(NjP)810550$w(OCoLC)28225483
=856  40$uhttp://hdl.handle.net/2333.1/fj6q5hsk 
=880  1\$6100-01$aفاني، علي.
=880  10$6245-02$aآراء حول كتاب الاجارة /$cتقرير بحث علي الفاني الاصفهاني.
=959  \\$aNNU$bWEB$cGENI$t0$mElectronic access$s01
=999  \\$iNjP_810550$o(OCoLC)ocm28225483$sprinceton_aco003580:$e(ERROR-880)(ERROR-MISC)$sprinceton_aco003580:

