=LDR  03187nam a2200505Mi 4500
=001  857302
=003  NjP
=006  m\\\\\\\\d\\\\\\\\
=007  cr\cn\|||m|||a
=008  200626s1842\\\\ua\\\\\\o\\\\\000\0\arar\
=040  \\$aZYU$bara$erda$cZYU
=041  1\$aara$heng
=043  \\$ae------
=050  00$aDD179$b.R612 1842
=100  1\$6880-01$aRobertson, William,$d1721-1793.
=240  10$aHistory of the reign of the Emperor Charles V.$pProgress of society in Europe.$lArabic
=245  10$6880-02$aHādhā kitāb itḥāf al-mulūk al-alibbāʼ bi-taqaddum al-jamʻīyāt fī bilād Ūrūbbā :$bwa-huwa al-muqaddimah li-tārīkh al-Imbirāṭūr Sharlakān  /$cnaẓamahu fī silk al-tawārīkh al-ʻArabīyah Khalīfah ibn Maḥmūd.
=260  \\$6880-03$aMiṣr :$bMaṭbaʻat Būlāq,$c1258 [1842]
=300  \\$aonline resource (1 volume (various pagings))
=336  \\$atext$2rdacontent
=337  \\$acomputer$2rdamedia
=338  \\$aonline resource$2rdacarrier
=500  \\$aTranslation of: The history of the reign of Emperor Charles V, progress of society in Europe.
=500  \\$aPart of the Arabic Collections Online (ACO) project, contributed by Princeton University Libraries.
=533  \\$aElectronic reproduction.$bNew York, N.Y. :$cNew York University,$d2020.$5NNU
=651  \0$aEurope$xHistory$y1492-1648.
=600  00$aCharles$bV,$cHoly Roman Emperor,$d1500-1558.
=651  \0$aHoly Roman Empire$xHistory$yCharles V, 1519-1556.
=600  07$aCharles$bV,$cHoly Roman Emperor,$d1500-1558$2fast$0(OCoLC)fst00043382
=651  \7$aEurope.$2fast$0(OCoLC)fst01245064
=651  \7$aEurope$zHoly Roman Empire.$2fast$0(OCoLC)fst01205344
=648  \7$a1492-1648$2fast
=655  \7$aHistory.$2fast$0(OCoLC)fst01411628
=700  1\$6880-04$aIbn Maḥmūd, Khalīfah,$dactive 19th century.
=710  2\$aPrinceton University.$bLibrary.
=730  0\$aArabic Collections Online.
=776  08$iOnline version:$aRobertson, William, 1721-1793.$sHistory of the reign of the Emperor Charles V. Progress of society in Europe. Arabic.$tHādhā kitāb itḥāf al-mulūk al-alibbāʼ bi-taqaddum al-jamʻīyāt fī bilād Ūrūbbā$dMiṣr : Maṭbaʻat Būlāq, 1258 [1842]$w(OCoLC)1102678187
=776  08$iPrint version:$aRobertson, William, 1721-1793.$tHādhā kitāb itḥāf al-mulūk al-alibbāʼ bi-taqaddum al-jamʻīyāt fī bilād Ūrūbbā$w(NjP)857302$w(DLC) 84961149 $w(OCoLC)13760203
=856  40$uhttp://hdl.handle.net/2333.1/wm37q5dz 
=880  1\$6100-01$aروبرتسون، وليم،$d1721-1793.
=880  10$6245-02$aهذا كتاب اتحاف الملوك الالباء بتقدم الجمعيات في بلاد اوروبا :$bوهو المقدمة لتاريخ الامبراطور شرلكان  /$cنظمه في سلك التواريخ العربية خليفة بن محمود.
=880  \\$6260-03$aمصر :$bمطبعة بولاق،$c1258 [1842]
=880  1\$6700-04$aابن محمود، خليفة،$dactive 19th century.
=959  \\$aNNU$bWEB$cGENI$t0$mElectronic access$s01
=999  \\$iNjP_857302$o(OCoLC)ocm13760203$sprinceton_aco003680:$e(ERROR-880)$sprinceton_aco003680:

