=LDR  01856nam a2200349Mi 4500
=001  2784126
=003  NjP
=006  m\\\\\\\\d\\\\\\\\
=007  cr\cn\|||m|||a
=008  200626t12991882tu\\\\\\o\\\\\000\0\ara\d
=040  \\$aZYU$bara$erda$cZYU
=100  1\$6880-01$aShidyāq, Aḥmad Fāris,$d1801-1887.
=245  13$6880-02$aal-Jāsūs ʻalá al-Qāmūs /$ctaʼlīf, Aḥmad Fāris Afandī.
=260  \\$6880-03$aQusṭanṭīnīyah :$bMaṭbaʻat al-Jawāʼib,$c1299 [1882]
=300  \\$aonline resource (690 pages)
=336  \\$atext$2rdacontent
=337  \\$acomputer$2rdamedia
=338  \\$aonline resource$2rdacarrier
=500  \\$aIn Arabic.
=500  \\$aPart of the Arabic Collections Online (ACO) project, contributed by Princeton University Libraries.
=533  \\$aElectronic reproduction.$bNew York, N.Y. :$cNew York University,$d2020.$5NNU
=600  10$aal-Fīrūzābādī, Muḥammad ibn Yaʻqūb,$d1329-1414.$tQāmūs al-muḥīṭ
=710  2\$aPrinceton University.$bLibrary.
=730  0\$aArabic Collections Online.
=776  08$iOnline version:$aal-Shidyāq, Aḥmad Fāris, 1801-1887.$tJāsūs ʻalā al-Qāmūs .$dQusṭanṭīnı̄yah, Maṭbaʻat al-Jawāʼib, 1299 [1882]$w(OCoLC)656989044
=776  08$iPrint version:$aShidyāq, Aḥmad Fāris, 1801-1887.$tal-Jāsūs ʻalá al-Qāmūs$w(NjP)2784126$w(OCoLC)42783266
=856  40$uhttp://hdl.handle.net/2333.1/7sqvb2rw 
=880  1\$6100-01$aشدياق، احمد فارس،$d1801-1887.
=880  12$6245-02$aالجاسوس على القاموس /$cتأليف، احمد فارس افندي.
=880  \\$6260-03$aقسطنطينية :$bمطبعة الجوائب،$c1299 [1882]
=959  \\$aNNU$bWEB$cGENI$t0$mElectronic access$s01
=999  \\$iNjP_2784126$o(OCoLC)ocm42783266$sprinceton_aco004127:$e(ERROR-MISC)$sprinceton_aco004127:

