=LDR  02145nam a2200409Mi 4500
=001  782985
=003  NjP
=006  m\\\\\\\\d\\\\\\\\
=007  cr\cn\|||m|||a
=008  200626s1983\\\\ir\\\\\\ob\\\\000\0\ara\d
=040  \\$aZYU$bara$erda$cZYU
=100  1\$6880-01$aBadakhshānī, Muḥammad ibn Muʻtamid Khān. 
=245  10$6880-02$aNuzul al-abrār bi-mā ṣaḥḥa min manāqib ahl al-bayt al-aṭh́ār /$ctaʼlīf Muḥammad ibn Muʼtamid Khān al-Badakhshānī al-Ḥārithī
=250  \\$6880-03$aal-Ṭabʻah 1.
=260  \\$6880-04$aIṣfahān :$b[publisher not identified],$c1983.
=300  \\$aonline resource (190 pages)
=336  \\$atext$2rdacontent
=337  \\$acomputer$2rdamedia
=338  \\$aonline resource$2rdacarrier
=500  \\$aPart of the Arabic Collections Online (ACO) project, contributed by Princeton University Libraries.
=504  \\$aIncludes bibliographical references.
=533  \\$aElectronic reproduction.$bNew York, N.Y. :$cNew York University,$d2020.$5NNU
=600  00$aMuḥammad,$cProphet,$d-632$xFamily.
=600  07$aMuḥammad,$cProphet,$d-632$2fast$0(OCoLC)fst01836298
=650  \7$aFamilies.$2fast$0(OCoLC)fst01728849
=700  1\$6880-05$aAmīnī, Muḥammad Hādī.
=710  2\$aPrinceton University.$bLibrary.
=730  0\$aArabic Collections Online.
=776  08$iPrint version:$aBadakhshānī, Muḥammad ibn Muʻtamid Khān.$tNuzul al-abrār bi-mā ṣaḥḥa min manāqib ahl al-bayt al-aṭh́ār$w(NjP)782985$w(OCoLC)27444237
=856  40$uhttp://hdl.handle.net/2333.1/np5hqnp0 
=880  1\$6100-01$aبدخشاني، محمد بن معتمد خان. 
=880  10$6245-02$aنزل الابرار بما صح من مناقب آهل البيت الاطهار /$cتأليف محمد بن معتمد خان البدخشاني الحارثي.
=880  \\$6250-03$aالطبعة ١.
=880  \\$6260-04$aاصفهان :$b[د.ن.]،$c١٩٨٣.
=880  0\$6700-05$aمحمد هادي اميني.
=959  \\$aNNU$bWEB$cGENI$t0$mElectronic access$s01
=999  \\$iNjP_782985$o(OCoLC)ocm27444237$sprinceton_aco002627$e(ERROR-MISC)$sprinceton_aco002627

