=LDR  01714nam a2200397Mi 4500
=001  141554
=003  NjP
=006  m\\\\\\\\d\\\\\\\\
=007  cr\cn\|||m|||a
=008  200626s1926\\\\ti\\\\\\o\\\\\000\0\ara\d
=040  \\$aZYU$bara$erda$cZYU
=043  \\$aaw-----
=100  1\$6880-01$aḤabīb, Muḥammad.
=245  10$6880-02$aLubb al-tārīkh /$ctaṣnīf Muḥammad al-Ḥabīb.
=250  \\$6880-03$aal-Ṭabʻah 1.
=260  \\$6880-04$aTūnis :$bNāshir Muḥammad Bū Dhaynah,$c1344 [1926]
=300  \\$aonline resource (270 pages)
=336  \\$atext$2rdacontent
=337  \\$acomputer$2rdamedia
=338  \\$aonline resource$2rdacarrier
=500  \\$aAt head of title: Nashrīyāt Bū Dhaynah.
=500  \\$aPart of the Arabic Collections Online (ACO) project, contributed by Princeton University Libraries.
=533  \\$aElectronic reproduction.$bNew York, N.Y. :$cNew York University,$d2020.$5NNU
=650  \0$aIslam$xHistory$yMiscellanea.
=650  \7$aIslam.$2fast$0(OCoLC)fst00979776
=655  \7$aHistory.$2fast$0(OCoLC)fst01411628
=710  2\$aPrinceton University.$bLibrary.
=730  0\$aArabic Collections Online.
=776  08$iPrint version:$aḤabīb, Muḥammad.$tLubb al-tārīkh$w(NjP)141554$w(OCoLC)79364092
=856  40$uhttp://hdl.handle.net/2333.1/x69p8ps3 
=880  1\$6100-01$aحبيب، محمد.
=880  10$6245-02$aلب التاريخ /$cتصنيف محمد الحبيب.
=880  \\$6250-03$aالطبعة 1.
=880  \\$6260-04$aتونس :$bناشر محمد بو ذينة،$c1344 [1926]
=959  \\$aNNU$bWEB$cGENI$t0$mElectronic access$s01
=999  \\$iNjP_141554$o(OCoLC)ocm79364092$sprinceton_aco002635$e(ERROR-MISC)$sprinceton_aco002635

