=LDR  02010nam a2200397Mi 4500
=001  479514
=003  NjP
=006  m\\\\\\\\d\\\\\\\\
=007  cr\cn\|||m|||a
=008  200626s1983\\\\ir\\\\\\ob\\\\000\0\ara\d
=040  \\$aZYU$bara$erda$cZYU
=100  1\$6880-01$aFatlāwī, Mahdī.
=245  13$6880-02$aal-Tawbah wa-al-tāʼibūn :$bdirāsah tarbawīyah Islāmīyah li-mafhūm al-tawbah ʻalá ḍawʼ al-Qurʼān al-Karīm wa-aḥādīth ahl al-bayt /$cMahdī al-Fatlāwī.
=250  \\$6880-03$aal-Ṭabʻah 1.
=260  \\$6880-04$aQum :$bMaktabat al-Imām al-Ḥasan,$c1404 [1983 or 84]
=300  \\$aonline resource (243 pages)
=336  \\$atext$2rdacontent
=337  \\$acomputer$2rdamedia
=338  \\$aonline resource$2rdacarrier
=500  \\$aTitle page partially vocalized.
=500  \\$aPart of the Arabic Collections Online (ACO) project, contributed by Princeton University Libraries.
=504  \\$aIncludes bibliographical references (pages 241-243).
=533  \\$aElectronic reproduction.$bNew York, N.Y. :$cNew York University,$d2020.$5NNU
=650  \0$aRepentance$xIslam.
=650  \0$aSin$xIslam.
=650  \7$aSin$xIslam.$2fast$0(OCoLC)fst01119202
=710  2\$aPrinceton University.$bLibrary.
=730  0\$aArabic Collections Online.
=776  08$iPrint version:$aFatlāwī, Mahdī.$tal-Tawbah wa-al-tāʼibūn$w(NjP)479514$w(OCoLC)82334192
=856  40$uhttp://hdl.handle.net/2333.1/zpc86hkt 
=880  1\$6100-01$aفتلاوي، مهدي.
=880  12$6245-02$aالتوبة والتائبون :$bدراسة تربوية اسلامية لمفهوم التوبة على ضوء القرآن الكريم واحاديث اهل البيت /$cمهدي الفتلاوي.
=880  \\$6250-03$aالطبعة 1.
=880  \\$6260-04$aقم :$bمكتبة الامام الحسن،$c1404 [1983 or 84]
=959  \\$aNNU$bWEB$cGENI$t0$mElectronic access$s01
=999  \\$iNjP_479514$o(OCoLC)ocm82334192$sprinceton_aco003808:$e(ERROR-MISC)$sprinceton_aco003808:

