=LDR  02222nam a2200397Mi 4500
=001  375615
=003  NjP
=006  m\\\\\\\\d\\\\\\\\
=007  cr\cn\|||m|||a
=008  200626q19461949mr\c\\\\o\\\\\000\0\ara\d
=040  \\$aZYU$bara$erda$cZYU
=043  \\$af-mr---
=100  0\$6880-01$aLallā ʻAʼishah,$cPrincess, daughter of Muḥammad V, King of Morocco.
=240  10$aSpeeches.$kSelections
=245  10$6880-02$aMajmūʻah ūlá min khuṭab ṣāḥibat al-sumūw al-malakī amiīrat al-nahḍah Lallā ʻĀʻishah.
=260  \\$6880-03$aal-Ribāt :$bal-Maṭbaʻah al-Muḥammadīyah,$c[194-]
=300  \\$aonline resource (46 pages)
=336  \\$atext$2rdacontent
=337  \\$acomputer$2rdamedia
=338  \\$aonline resource$2rdacarrier
=500  \\$aPart of the Arabic Collections Online (ACO) project, contributed by Princeton University Libraries.
=533  \\$aElectronic reproduction.$bNew York, N.Y. :$cNew York University,$d2020.$5NNU
=600  00$aLallā ʻAʼishah,$cPrincess, daughter of Muḥammad V, King of Morocco.
=651  \0$aMorocco$xPolitics and government.
=600  07$aLallā ʻAʼishah,$cPrincess, daughter of Muḥammad V, King of Morocco.$2fast$0(OCoLC)fst01492604
=650  \7$aPolitics and government$2fast$0(OCoLC)fst01919741
=651  \7$aMorocco.$2fast$0(OCoLC)fst01205592
=710  2\$aPrinceton University.$bLibrary.
=730  0\$aArabic Collections Online.
=776  08$iPrint version:$aLallā ʻAʼishah, Princess, daughter of Muḥammad V, King of Morocco.$tMajmūʻah ūlá min khuṭab ṣāḥibat al-sumūw al-malakī amiīrat al-nahḍah Lallā ʻĀʻishah$w(NjP)375615$w(OCoLC)78256881
=856  40$uhttp://hdl.handle.net/2333.1/qv9s4xkx 
=880  0\$6100-01$aللا عائشة،$cاميرة، ابنة محمد الخامس، ملك المغرب.
=880  10$6245-02$aمجموعة أولى من خطب صاحبة السمو الملكي أميرة النهضة للا عائشة.
=880  \\$6260-03$aالرباط :$bالمطبعة المحمدية،$c[194-]
=959  \\$aNNU$bWEB$cGENI$t0$mElectronic access$s01
=999  \\$iNjP_375615$o(OCoLC)ocm78256881$sprinceton_aco004080:$e(ERROR-880)(ERROR-MISC)$sprinceton_aco004080:

