=LDR  02513nam a2200505Mi 4500
=001  2762891
=003  NjP
=006  m\\\\\\\\d\\\\\\\\
=007  cr\cn\|||m|||a
=008  200626m19119999sy\\\\\\o\\\\\000\0cara\\
=040  \\$aZYU$bara$erda$cZYU
=043  \\$aa-sy---
=050  00$aDS99.D3$bI22
=051  \\$aDS99.D3$bI22 Copy 2,$cAMED Cage; Mansuri Books Collection, 8-400, 8-401, 8-402, 8-403, 8-404, 8-405, 8-406
=082  04$a956.91$bIb5t
=100  1\$6880-01$aIbn ʻAsākir, ʻAlī ibn al-Ḥasan,$d1105-1176,$eauthor.
=245  13$6880-02$aal-Taʼrīkh al-kabīr.
=264  \1$6880-03$a[Dimashq] :$bMaṭbaʻat Rawḍat al-Shām,$c1329- [1911-]
=300  \\$aonline resource (7 volumes)
=336  \\$atext$2rdacontent
=337  \\$acomputer$2rdamedia
=338  \\$aonline resource$2rdacarrier
=500  \\$aPart of the Arabic Collections Online (ACO) project, contributed by Princeton University Libraries.
=533  \\$aElectronic reproduction.$bNew York, N.Y. :$cNew York University,$d2020.$5NNU
=651  \0$aDamascus (Syria)$xHistory.
=651  \0$aDamascus (Syria)$xBiography.
=651  \7$aSyria$zDamascus.$2fast$0(OCoLC)fst01207112
=655  \7$aHistory.$2fast$0(OCoLC)fst01411628
=700  1\$6880-04$aBadrān, ʻAbd al-Qādir,$d-1927.
=710  2\$aMansuri Collection (Library of Congress)$5DLC
=710  2\$aPrinceton University.$bLibrary.
=730  0\$aArabic Collections Online.
=740  0\$6880-05$aTahdhīb taʼrīkh Ibn ʻAsākir.
=740  0\$6880-06$aTaʼrīkh madīnat Dimashq.
=776  08$iOnline version:$aIbn ʻAsākir, ʻAlī ibn al-Ḥasan, 1105-1176.$tTārīkh al-kabīr.$d[Dimashq] : Maṭabaʻat Rawḍat al-Shām, 1911-$w(OCoLC)606379140
=776  08$iPrint version:$aIbn ʻAsākir, ʻAlī ibn al-Ḥasan, 1105-1176, author.$tal-Taʼrīkh al-kabīr$w(NjP)2762891$w(DLC) 59044113 $w(OCoLC)23514364
=856  40$uhttp://hdl.handle.net/2333.1/zcrjdrfz 
=880  1\$6100-01$aابن عساكر، علي بن الحسن،$d1105-1176,$eauthor.
=880  12$6245-02$aالتاريخ الكبير.
=880  \1$6264-03$a[دمشق] :$bمطبعة روضة الشام،$c1329- [1911-]
=880  1\$6700-04$aبدران، عبد القادر،$d-1927.
=880  0\$6740-05$aتهذيب تاريخ ابن عساكر.
=880  0\$6740-06$a‏تاريخ مدينة دمشق.
=959  \\$aNNU$bWEB$cGENI$t0$mElectronic access$s01
=999  \\$iNjP_2762891$o(OCoLC)ocm23514364$sprinceton_aco004387:vol.1$e(ERROR-880)$sprinceton_aco004387:vol.1

