=LDR  01743nam a2200361Mi 4500
=001  462301
=003  NjP
=006  m\\\\\\\\d\\\\\\\\
=007  cr\cn\|||m|||a
=008  200626m19509999ua\\\\\\o\\\\\000\0\ara\d
=040  \\$aZYU$bara$erda$cZYU
=100  1\$6880-01$aDardīrī, Yaḥyá Aḥmad.
=245  10$6880-02$aMūjaz muntakhab li-tafsīr al-Qurʼān /$ctaʼlīf Yaḥyá Aḥmad al-Dardīrī.
=260  \\$6880-03$aal-Qāhirah :$bY.A. al-Dardīrī,$c1950-
=300  \\$aonline resource (volumes)
=336  \\$atext$2rdacontent
=337  \\$acomputer$2rdamedia
=338  \\$aonline resource$2rdacarrier
=500  \\$aAt head of title: Hidāyat al-Qurʼān li-banī al-insān.
=500  \\$aPart of the Arabic Collections Online (ACO) project, contributed by Princeton University Libraries.
=533  \\$aElectronic reproduction.$bNew York, N.Y. :$cNew York University,$d2020.$5NNU
=630  00$aQurʼan$vCommentaries.
=630  07$aQurʼan.$2fast$0(OCoLC)fst01842877
=655  \7$aCommentaries.$2fast$0(OCoLC)fst01423723
=710  2\$aPrinceton University.$bLibrary.
=730  0\$aArabic Collections Online.
=776  08$iPrint version:$aDardīrī, Yaḥyá Aḥmad.$tMūjaz muntakhab li-tafsīr al-Qurʼān$w(NjP)462301$w(OCoLC)26034114
=856  40$uhttp://hdl.handle.net/2333.1/jh9w15j5 
=880  1\$6100-01$aدرديري، يحيى احمد.
=880  10$6245-02$aموجز منتخب لتفسير القرآن /$cتأليف يحيى احمد الدرديري.
=880  \\$6260-03$aالقاهرة :$bي.. الدرديري،$c1950
=959  \\$aNNU$bWEB$cGENI$t0$mElectronic access$s01
=999  \\$iNjP_462301$o(OCoLC)ocm26034114$sprinceton_aco002717:[juz 1]$e(ERROR-MISC)$sprinceton_aco002717:[juz 1]

