=LDR  01692nam a2200361Mi 4500
=001  2835130
=003  NjP
=006  m\\\\\\\\d\\\\\\\\
=007  cr\cn\|||m|||a
=008  200626m19489999sy\\\\\\o\\\\\000\0\ara\d
=040  \\$aZYU$bara$erda$cZYU
=100  1\$6880-01$aZarqāʼ, Muṣṭafaʹ Aḥmad,$d1904-
=245  13$6880-02$aal-ʻUqūd al-musammāh fī al-fiqh al-Islāmī.
=260  \\$6880-03$aDimashq :$bMaṭbaʻat al-Jāmiʻah al-Sūriyah,$c1948-
=300  \\$aonline resource (volumes)
=336  \\$atext$2rdacontent
=337  \\$acomputer$2rdamedia
=338  \\$aonline resource$2rdacarrier
=500  \\$aPart of the Arabic Collections Online (ACO) project, contributed by Princeton University Libraries.
=533  \\$aElectronic reproduction.$bNew York, N.Y. :$cNew York University,$d2020.$5NNU
=546  \\$aIn Arabic.
=500  \\$aForms pt. 4 of his al-Fiqh al-Islāmī fī thawbihi al-jadīd.
=505  1\$a1. ʻAqd al-bayʻ.-
=650  \0$aSales (Islamic law)
=710  2\$aPrinceton University.$bLibrary.
=730  0\$aArabic Collections Online.
=776  08$iPrint version:$aZarqāʼ, Muṣṭafaʹ Aḥmad, 1904-$tal-ʻUqūd al-musammāh fī al-fiqh al-Islāmī$w(NjP)2835130$w(OCoLC)42923081
=856  40$uhttp://hdl.handle.net/2333.1/wdbrv9xg 
=880  1\$6100-01$aزرقاء، مصطفى احمد،$d1904-
=880  12$6245-02$aالعقود المسماة في الفقه الاسلامي.
=880  \\$6260-03$aدمشق :$bمطبعة الجامعة السورية،$c1948-
=959  \\$aNNU$bWEB$cGENI$t0$mElectronic access$s01
=999  \\$iNjP_2835130$o(OCoLC)ocm42923081$sprinceton_aco002458:vol.1$e(ERROR-MISC)$sprinceton_aco002458:vol.1

