=LDR  02016nam a2200433Mi 4500
=001  3208664
=003  NjP
=006  m\\\\\\\\d\\\\\\\\
=007  cr\cn\|||m|||a
=008  200626m19639999sy\\\\\\ob\\\\000\0\arard
=040  \\$aZYU$bara$erda$cZYU
=043  \\$aa-sy---
=100  1\$6880-01$aFāḍil, Muḥammad.
=245  13$6880-02$aal-Jarāʼim al-wāqiʻah ʻalā amn al-dawlah /$cMuḥammad Fāḍil.
=246  14$aLes infractions contre la sureté de lʼétat
=250  \\$6880-03$aal-Ṭabʻah 2.
=260  \\$6880-04$aDimashq :$bMaṭbaʻat Jāmiʻat Dimashq,$c1963.
=300  \\$aonline resource (volumes)
=336  \\$atext$2rdacontent
=337  \\$acomputer$2rdamedia
=338  \\$aonline resource$2rdacarrier
=500  \\$aPart of the Arabic Collections Online (ACO) project, contributed by Princeton University Libraries.
=504  \\$aIncludes bibliographical references (pages 665-675).
=533  \\$aElectronic reproduction.$bNew York, N.Y. :$cNew York University,$d2020.$5NNU
=650  \0$aInternal security$zSyria.
=650  \0$aPolitical crimes and offenses$zSyria.
=650  \7$aInternal security.$2fast$0(OCoLC)fst00976624
=650  \7$aPolitical crimes and offenses.$2fast$0(OCoLC)fst01069253
=651  \7$aSyria.$2fast$0(OCoLC)fst01208757
=710  2\$aPrinceton University.$bLibrary.
=730  0\$aArabic Collections Online.
=776  08$iPrint version:$aFāḍil, Muḥammad.$tal-Jarāʼim al-wāqiʻah ʻalā amn al-dawlah$w(NjP)3208664$w(DLC)  66001608 $w(OCoLC)49372511
=856  40$uhttp://hdl.handle.net/2333.1/zw3r2c26 
=880  1\$6100-01$aفاضل، محمد.
=880  12$6245-02$aالجرائم الواقعة على امن الدولة /$cمحمد فاضل.
=880  \\$6250-03$aالطبعة 2.
=880  \\$6260-04$aدمشق :$bمطبعة جامعة دمشق،$c1963.
=959  \\$aNNU$bWEB$cGENI$t0$mElectronic access$s01
=999  \\$iNjP_3208664$o(OCoLC)ocm49372511$sprinceton_aco002463:vol.1$e(ERROR-880)(ERROR-MISC)$sprinceton_aco002463:vol.1

