=LDR  02224nam a2200325Mi 4500
=001  241034
=003  NjP
=006  m\\\\\\\\d\\\\\\\\
=007  cr\cn\|||m|||a
=008  200626m19709999ir\\\\\\o\\\\\000\0\ara\d
=040  \\$aZYU$bara$erda$cZYU
=100  1\$6880-01$aTustarī, Muḥammad Taqī.
=245  10$6880-02$aBahj al-ṣibāghah fī sharḥ Nahj al-balāghah.
=260  \\$6880-03$aṬihrān :$bMaktabat al-Ṣadr,$c1390- [1970 or 1971]-
=300  \\$aonline resource (volumes)
=336  \\$atext$2rdacontent
=337  \\$acomputer$2rdamedia
=338  \\$aonline resource$2rdacarrier
=500  \\$aPart of the Arabic Collections Online (ACO) project, contributed by Princeton University Libraries.
=533  \\$aElectronic reproduction.$bNew York, N.Y. :$cNew York University,$d2020.$5NNU
=600  00$aʻAlī ibn Abī Ṭālib,$cCaliph,$dapproximately 600-661.$tNahj al-balāghah.
=710  2\$aPrinceton University.$bLibrary.
=730  0\$aArabic Collections Online.
=776  08$iPrint version:$aTustarī, Muḥammad Taqī.$tBahj al-ṣibāghah fī sharḥ Nahj al-balāghah$w(NjP)241034$w(OCoLC)82635587
=856  40$uhttp://hdl.handle.net/2333.1/mgqnkm01 
=880  1\$6100-01$aتستري، محمد تقي.
=880  10$6245-02$aبهج الصباغة في شرح نهج البلاغة.
=880  \\$6260-03$aطهران :$bمكتبة الصدر،$c1390- [1970 or 1971]-
=959  \\$aNNU$bWEB$cGENI$t0$mElectronic access$s01
=999  \\$iNjP_241034$o(OCoLC)ocm82635587$sprinceton_aco004113:juz 1$sprinceton_aco004116:juz 2$sprinceton_aco004105:juz 4$sprinceton_aco004104:juz 5$sprinceton_aco004106:juz 6$sprinceton_aco004111:juz 7$sprinceton_aco004126:juz 8$sprinceton_aco004107:juz 9$sprinceton_aco004108:juz 10$sprinceton_aco004109:juz 11$sprinceton_aco004110:juz 12$sprinceton_aco004101:juz 13$sprinceton_aco004100:juz 14$e(ERROR-MISC)$sprinceton_aco004113:juz 1$sprinceton_aco004116:juz 2$sprinceton_aco004105:juz 4$sprinceton_aco004104:juz 5$sprinceton_aco004106:juz 6$sprinceton_aco004111:juz 7$sprinceton_aco004126:juz 8$sprinceton_aco004107:juz 9$sprinceton_aco004108:juz 10$sprinceton_aco004109:juz 11$sprinceton_aco004110:juz 12$sprinceton_aco004101:juz 13$sprinceton_aco004100:juz 14

