=LDR  01509nam a2200337Mi 4500
=001  1699635
=003  NjP
=006  m\\\\\\\\d\\\\\\\\
=007  cr\cn\|||m|||a
=008  200626s1970\\\\iq\\\\\\ob\\\\000\0\ara\d
=040  \\$aZYU$bara$erda$cZYU
=100  1\$6880-01$aKhuzāʻī, ʻAlī.
=245  13$6880-02$aal-Ajwibah al-musakkitah /$cTaqdīm ʻAzīz al-Sayyid Jāsim.
=260  \\$6880-03$aal-Najaf :$bMaṭbaʻat al-Ādāb,$c1970.
=300  \\$aonline resource (133 pages)
=336  \\$atext$2rdacontent
=337  \\$acomputer$2rdamedia
=338  \\$aonline resource$2rdacarrier
=500  \\$aPart of the Arabic Collections Online (ACO) project, contributed by Princeton University Libraries.
=533  \\$aElectronic reproduction.$bNew York, N.Y. :$cNew York University,$d2020.$5NNU
=546  \\$aIn Arabic.
=504  \\$aIncludes bibliographical references (pages 125-131).
=710  2\$aPrinceton University.$bLibrary.
=730  0\$aArabic Collections Online.
=776  08$iPrint version:$aKhuzāʻī, ʻAlī.$tal-Ajwibah al-musakkitah$w(NjP)1699635$w(OCoLC)42873278
=856  40$uhttp://hdl.handle.net/2333.1/2z34txb0 
=880  1\$6100-01$aخزاعي، علي.
=880  12$6245-02$aالاجوبة المسكتة /$cتقديم عزيز السيد جاسم.
=880  \\$6260-03$aالنجف :$bمطبعة الاداب،$c1970. 
=959  \\$aNNU$bWEB$cGENI$t0$mElectronic access$s01
=999  \\$iNjP_1699635$o(OCoLC)ocm42873278$sprinceton_aco004432:$e(ERROR-MISC)$sprinceton_aco004432:

