=LDR  01978nam a2200385Mi 4500
=001  862652
=003  NjP
=006  m\\\\\\\\d\\\\\\\\
=007  cr\cn\|||m|||a
=008  200626s1873\\\\ua\\\\\\o\\\\\000\0\ara\d
=040  \\$aZYU$bara$erda$cZYU
=043  \\$af-ua---
=100  0\$6880-01$aKartawājīrār,$cal-Muʻallin.
=245  13$6880-02$aal-Rawḍah al-bahīyah fī zirāʻat al-khaḍrāwāt al-miṣrīyah /$ctaʼlīf al-muʻallim Kartawājīrār ; wa-tarjamat Aḥmad Afandī Nadá.
=260  \\$6880-03$aBūlāq :$bal-Maṭbaʻah al-Miṣrīyah,$c1290 [1873]
=300  \\$aonline resource (173 pages)
=336  \\$atext$2rdacontent
=337  \\$acomputer$2rdamedia
=338  \\$aonline resource$2rdacarrier
=500  \\$aPart of the Arabic Collections Online (ACO) project, contributed by Princeton University Libraries.
=533  \\$aElectronic reproduction.$bNew York, N.Y. :$cNew York University,$d2020.$5NNU
=650  \0$aVegetables$zEgypt.
=650  \7$aVegetables.$2fast$0(OCoLC)fst01164784
=651  \7$aEgypt.$2fast$0(OCoLC)fst01208755
=700  1\$6880-04$aNadá, Aḥmad,$d-1877.
=710  2\$aPrinceton University.$bLibrary.
=730  0\$aArabic Collections Online.
=776  08$iPrint version:$aKartawājīrār, al-Muʻallin.$tal-Rawḍah al-bahīyah fī zirāʻat al-khaḍrāwāt al-miṣrīyah$w(NjP)862652$w(OCoLC)29834577
=856  40$uhttp://hdl.handle.net/2333.1/59zw41q7 
=880  0\$6100-01$aكرتواجيرار،$cالمعلن.
=880  12$6245-02$aالروضة البهية في زراعة الخضراوات المصرية /$cتأليف المعلم كرتواجيرار ؛ وترجمة احمد افندي ندى.
=880  \\$6260-03$aبولاق :$bالمطبعة المصرية،$c1290 [1873]
=880  1\$6700-04$aندى، احمد،$d-1877.
=959  \\$aNNU$bWEB$cGENI$t0$mElectronic access$s01
=999  \\$iNjP_862652$o(OCoLC)ocm29834577$sprinceton_aco004209:$e(ERROR-MISC)$sprinceton_aco004209:

