=LDR  02313nam a2200445Mi 4500
=001  2834907
=003  NjP
=006  m\\\\\\\\d\\\\\\\\
=007  cr\cn\|||m|||a
=008  200626s1939\\\\iq\\\\\\o\\\\\000\0\ara\d
=040  \\$aZYU$bara$erda$cZYU
=041  1\$aara$hsyr
=043  \\$aa-ir---$aar-----
=100  0\$6880-01$aYashūʻadnāḥ,$cBishop of Basra,$dactive 8th century.
=245  13$6880-02$aal-Duyūrah fī mamlakatay al-Furs wa-al-ʻArab /$ctaʼlīf Yashūʻadnāḥ ; naqalahu ilá al-ʻArabīyah wa-ʻallaqa ḥawāshiyahu wa-waṭṭaʼahu bi-muqaddimah Būlus Shaykhū.
=260  \\$6880-03$aal-Mawṣil :$bMaṭbaʻat al-Najm,$c1939.
=300  \\$aonline resource (94 pages)
=336  \\$atext$2rdacontent
=337  \\$acomputer$2rdamedia
=338  \\$aonline resource$2rdacarrier
=500  \\$aPart of the Arabic Collections Online (ACO) project, contributed by Princeton University Libraries.
=533  \\$aElectronic reproduction.$bNew York, N.Y. :$cNew York University,$d2020.$5NNU
=546  \\$aTitle-page and text in Arabic.
=500  \\$aTranslated from Syriac into Arabic by Bulus Shaykhu.
=650  \0$aMonasteries$zIran.
=650  \0$aMonasteries$zArabian Peninsula.
=650  \7$aMonasteries.$2fast$0(OCoLC)fst01025070
=651  \7$aArabian Peninsula.$2fast$0(OCoLC)fst01240131
=651  \7$aIran.$2fast$0(OCoLC)fst01204889
=700  1\$6880-04$aShaykhu, Būlus,$etranslator.
=710  2\$aPrinceton University.$bLibrary.
=730  0\$aArabic Collections Online.
=776  08$iPrint version:$aYashūʻadnāḥ, Bishop of Basra, active 8th century.$tal-Duyūrah fī mamlakatay al-Furs wa-al-ʻArab$w(NjP)2834907$w(OCoLC)42915018
=856  40$uhttp://hdl.handle.net/2333.1/rv15f4wm 
=880  0\$6100-01$aيشوعدناح،$cمطران البصرة،$dactive 8th century.
=880  12$6245-02$aالديورة في مملكتي الفرس والعرب /$cتأليف يشوعدناح ؛ نقله الى العربية وعلق حواشيه ووطأه بمقدمة بولس شيخو.
=880  \\$6260-03$aالموصل :$bمطبعة النجم,$c1939.
=880  1\$6700-04$aشيخو، بولس.
=959  \\$aNNU$bWEB$cGENI$t0$mElectronic access$s01
=999  \\$iNjP_2834907$o(OCoLC)ocm42915018$sprinceton_aco003555:$e(ERROR-MISC)$sprinceton_aco003555:

