=LDR  01791nam a2200373Mi 4500
=001  391334
=003  NjP
=006  m\\\\\\\\d\\\\\\\\
=007  cr\cn\|||m|||a
=008  200626s1913\\\\ti\cf\\\o\\\\\000\0bara\d
=040  \\$aZYU$bara$erda$cZYU
=041  1\$aara$hfre
=100  1\$6880-01$aJūṣū, ʻAbd al-Karīm.
=245  10$6880-02$aIʻtināqī lil-Islām /$cʻAbd al-Karīm Jūṣū ; tarjamat al-aṣl al-Faransāwī.
=260  \\$6880-03$aTūnis :$bal-Maṭbaʻah al-Tūnisīyah,$c1913.
=300  \\$aonline resource (107 pages, 2 unnumbered pages of plates) :$bportraits
=336  \\$atext$2rdacontent
=337  \\$acomputer$2rdamedia
=338  \\$aonline resource$2rdacarrier
=500  \\$aPart of the Arabic Collections Online (ACO) project, contributed by Princeton University Libraries.
=533  \\$aElectronic reproduction.$bNew York, N.Y. :$cNew York University,$d2020.$5NNU
=600  10$aJūṣū, ʻAbd al-Karīm.
=650  \0$aMuslim converts.
=600  17$aJūṣū, ʻAbd al-Karīm.$2fast$0(OCoLC)fst00258427
=650  \7$aMuslim converts.$2fast$0(OCoLC)fst01030949
=710  2\$aPrinceton University.$bLibrary.
=730  0\$aArabic Collections Online.
=776  08$iPrint version:$aJūṣū, ʻAbd al-Karīm.$tIʻtināqī lil-Islām$w(NjP)391334$w(OCoLC)22316575
=856  40$uhttp://hdl.handle.net/2333.1/qv9s4xm5 
=880  1\$6100-01$aجوصو، عبد الكريم.
=880  10$6245-02$aاعتناقي للاسلام /$cعبد الكريم جوصوا ؛ ترجمة الاصل الفرنساوي.
=880  \\$6260-03$aتونس :$bالمطبعة التونسية،$c1913.
=959  \\$aNNU$bWEB$cGENI$t0$mElectronic access$s01
=999  \\$iNjP_391334$o(OCoLC)ocm22316575$sprinceton_aco003833:$e(ERROR-MISC)$sprinceton_aco003833:

