=LDR  02943nam a2200517Mi 4500
=001  324565
=003  NjP
=006  m\\\\\\\\d\\\\\\\\
=007  cr\cn\|||m|||a
=008  200626s1912\\\\ua\a\\\\ob\\\\000\0\ara\\
=040  \\$aZYU$bara$erda$cZYU
=041  0\$aara$aheb
=050  \4$aKBM531$b.B46 1912
=100  1\$6880-01$aBen Simon, Masʻūd Ḥai,$d1869-1925.
=245  10$6880-02$aSefer Shaʻare mishpaṭ =$bKitāb al-aḥkām al-sharʻīyah fī al-aḥwāl al-shakhṣīyah lil-Isrāʼīlīyīn /$ctaʼlīf M. Ḥayy ibn Shimʻūn.
=246  3\$aShaʻare mishpaṭ
=246  3\$6880-03$aKitāb al-aḥkām al-sharʻīyah fī al-aḥwāl al-shakhṣīyah lil-Isrāʼīlīyīn
=246  3\$6880-04$aAḥkām al-sharʻīyah fī al-aḥwāl al-shakhṣīyah lil-Isrāʼīlīyīn
=264  \1$6880-05$a[Egypt] :$bMasʻūd Ḥai Ben Simon,$c1912.
=264  \3$6880-06$aMiṣr :$bMaṭbaʻat Kūhīn wa-Rūzintāl,$c1912.
=300  \\$aonline resource (17, 340 pages) :$bfolded color illustration
=336  \\$atext$2rdacontent
=337  \\$acomputer$2rdamedia
=338  \\$aonline resource$2rdacarrier
=500  \\$aIncludes errata.
=500  \\$aPart of the Arabic Collections Online (ACO) project, contributed by Princeton University Libraries.
=504  \\$aIncludes bibliographical references.
=533  \\$aElectronic reproduction.$bNew York, N.Y. :$cNew York University,$d2020.$5NNU
=546  \\$aArabic and Hebrew.
=650  \0$aDomestic relations (Jewish law)
=650  \0$aInheritance and succession (Jewish law)
=650  \7$aDomestic relations (Jewish law)$2fast$0(OCoLC)fst00896685
=650  \7$aInheritance and succession (Jewish law)$2fast$0(OCoLC)fst00973402
=710  2\$aPrinceton University.$bLibrary.
=730  0\$aArabic Collections Online.
=776  08$iOnline version:$aBen Simon, Masʻūd Ḥai, 1869-1925.$tSefer Shaʻare mishpaṭ$w(OCoLC)1138699915
=776  08$iPrint version:$aBen Simon, Masʻūd Ḥai, 1869-1925.$tSefer Shaʻare mishpaṭ =$w(NjP)324565$w(DLC) 59055090 $w(OCoLC)25297332
=856  40$uhttp://hdl.handle.net/2333.1/n2z354b6 
=880  1\$6100-01$aبن شمعون، مسعود حاى،$d1869-1925.
=880  10$6245-02$aספר שערי משפט =$bكتاب الاحكام الشرعية في الاحوال الشخصية للاسرائيليين /$cتأليف م. حي بن شمعون.
=880  3\$6246-03$aكتاب الأحكام الشرعية في الأحوال الشخصية للإسرائيليين
=880  3\$6246-04$aأحكام الشرعية في الأحوال الشخصية للإسرائيليين
=880  \1$6264-05$a[Egypt] :$bمسعود حاى بن شمعون،$c1912.
=880  \3$6264-06$aمصر :$bمطبعة كوهين وروزنتال،$c1912.
=959  \\$aNNU$bWEB$cGENI$t0$mElectronic access$s01
=999  \\$iNjP_324565$o(OCoLC)ocm25297332$sprinceton_aco004114:$e(ERROR-880)$sprinceton_aco004114:

