=LDR  02717nam a2200529Mi 4500
=001  2746004
=003  NjP
=006  m\\\\\\\\d\\\\\\\\
=007  cr\cn\|||m|||a
=008  200626s1850\\\\ua\\\\\\o\\\\\000\0\arard
=040  \\$aZYU$bara$erda$cZYU
=041  0\$aara$afre$atur
=050  \4$aPJ6115$b.K42 1850
=100  0\$6880-01$aKhalīfah ibn Maḥmūd.
=245  10$6880-02$aQalāʼid al-jumān fī fawāʼid al-tarjumān =$bInstructions au drogmans /$ctaʼlīf Khalīfah ibn Maḥmūd al-Miṣrī.
=246  3\$aInstructions au drogmans
=250  \\$6880-03$aal-Ṭabʻah 1.
=260  \\$6880-04$aBūlāq :$bal-Maṭ̄baʻah al-ʻĀmirah,$c1266 [1850]
=300  \\$aonline resource (1 volume (various pagings))
=336  \\$atext$2rdacontent
=337  \\$acomputer$2rdamedia
=338  \\$aonline resource$2rdacarrier
=500  \\$aArabic, French, and Turkish.
=500  \\$aPart of the Arabic Collections Online (ACO) project, contributed by Princeton University Libraries.
=533  \\$aElectronic reproduction.$bNew York, N.Y. :$cNew York University,$d2020.$5NNU
=650  \0$aArabic language$vConversation and phrase books.
=650  \0$aFrench language$vConversation and phrase books.
=650  \0$aTurkish language$vConversation and phrase books.
=650  \0$aFrench language$xGrammar.
=650  \7$aArabic language.$2fast$0(OCoLC)fst00812287
=650  \7$aFrench language.$2fast$0(OCoLC)fst00934333
=650  \7$aFrench language$xGrammar.$2fast$0(OCoLC)fst00934446
=650  \7$aTurkish language.$2fast$0(OCoLC)fst01159411
=655  \7$aConversation and phrase books.$2fast$0(OCoLC)fst01423775
=710  2\$6880-05$aMaṭbaʻat Būlāq.
=710  2\$aPrinceton University.$bLibrary.
=730  0\$aArabic Collections Online.
=776  08$iOnline version:$aKhalīfah ibn Maḥmūd.$tQalāʼid al-jumān fī fawāʼid al-tarjumān.$bal-Ṭabʻah 1.$dBūlāq : al-Maṭ̄baʻah al-ʻĀmirah, 1266 [1850]$w(OCoLC)656475955
=776  08$iPrint version:$aKhalīfah ibn Maḥmūd.$tQalāʼid al-jumān fī fawāʼid al-tarjumān =$w(NjP)2746004$w(OCoLC)12710225
=856  40$uhttp://hdl.handle.net/2333.1/51c5b8j9 
=880  0\$6100-01$aخليفة بن محمود.
=880  10$6245-02$aقلائد الجمان في فوائد الترجمان =$bInstructions au drogmans  /$cتأليف خليفة بن محمود المصري.
=880  \\$6250-03$aالطبعة 1.
=880  \\$6260-04$aبولاق :$bالمطبعة العامرة،$c1266 [1850]
=880  2\$6710-05$aمطبعة بولاق.
=959  \\$aNNU$bWEB$cGENI$t0$mElectronic access$s01
=999  \\$iNjP_2746004$o(OCoLC)ocm12710225$sprinceton_aco004276:$e(ERROR-880)$sprinceton_aco004276:

