=LDR  01888nam a2200385Mi 4500
=001  498446
=003  NjP
=006  m\\\\\\\\d\\\\\\\\
=007  cr\cn\|||m|||a
=008  200626s1867\\\\iq\\\\\\o\\\\\000\0\ara\d
=040  \\$aZYU$bara$erda$cZYU
=041  0\$aara$asyr
=100  1\$6880-01$aBenni, Cyril Benham. 
=245  13$6880-02$aal-Durrah al-nafīsah fī bayān ḥaqīqat al-kanīsah /$clil-sayyid Qūrullus Bahnām Bannī.
=246  3\$aVérité de l'Église catholique
=260  \\$6880-03$aal-Mawṣil :$bṬubiʻa fī Dayr al-Ābāʼ al-Dūminikīyīn,$c1867.
=300  \\$aonline resource (318 pages)
=336  \\$atext$2rdacontent
=337  \\$acomputer$2rdamedia
=338  \\$aonline resource$2rdacarrier
=500  \\$aTitle on added t.p.: Verité de l'Église catholique.
=500  \\$aText in Arabic and Syriac.
=500  \\$aPart of the Arabic Collections Online (ACO) project, contributed by Princeton University Libraries.
=533  \\$aElectronic reproduction.$bNew York, N.Y. :$cNew York University,$d2020.$5NNU
=610  20$aCatholic Church.
=610  27$aCatholic Church.$2fast$0(OCoLC)fst00531720
=710  2\$aPrinceton University.$bLibrary.
=730  0\$aArabic Collections Online.
=776  08$iPrint version:$aBenni, Cyril Benham.$tal-Durrah al-nafīsah fī bayān ḥaqīqat al-kanīsah$w(NjP)498446$w(OCoLC)22326078
=856  40$uhttp://hdl.handle.net/2333.1/dz08m0df 
=880  1\$6100-01$aبني، قورلس بهنام. 
=880  12$6245-02$aالدرة النفيسة في بيان حقيقة الكنيسة /$cللسيد قورلس بهنام بني.
=880  \\$6260-03$aالموصل :$bطبع في دير الاباء الدومنكيين،$c1867.
=959  \\$aNNU$bWEB$cGENI$t0$mElectronic access$s01
=999  \\$iNjP_498446$o(OCoLC)ocm22326078$sprinceton_aco004288:$e(ERROR-880)(ERROR-MISC)$sprinceton_aco004288:

