=LDR  01583nam a2200337Mi 4500
=001  2540472
=003  NjP
=006  m\\\\\\\\d\\\\\\\\
=007  cr\cn\|||m|||a
=008  200626s1881\\\\ua\\\\\\o\\\\\000\0\ara\d
=040  \\$aZYU$bara$erda$cZYU
=100  1\$6880-01$aBājūrī, Ibrāhīm ibn Muḥammad,$d1783 or 1784-1860.
=245  10$6880-02$aḤāshiya ʻalā Kifāyat al-ʻawāmm.
=260  \\$6880-03$aMiṣr :$bal-Maṭbaʻah al-Wahabīyah,$c[1298 [1881]]
=300  \\$aonline resource (104 pages)
=336  \\$atext$2rdacontent
=337  \\$acomputer$2rdamedia
=338  \\$aonline resource$2rdacarrier
=500  \\$aPart of the Arabic Collections Online (ACO) project, contributed by Princeton University Libraries.
=533  \\$aElectronic reproduction.$bNew York, N.Y. :$cNew York University,$d2020.$5NNU
=546  \\$aIn Arabic.
=650  \0$aIslam$xDoctrines.
=710  2\$aPrinceton University.$bLibrary.
=730  0\$aArabic Collections Online.
=776  08$iPrint version:$aBājūrī, Ibrāhīm ibn Muḥammad, 1783 or 1784-1860.$tḤāshiya ʻalā Kifāyat al-ʻawāmm$w(NjP)2540472$w(OCoLC)41630212
=856  40$uhttp://hdl.handle.net/2333.1/p2ngfbmc 
=880  1\$6100-01$aباجوري، ابراهيم بن محمد،$d1783 or 1784-1860.
=880  10$6245-02$aحاشية على كفاية العوام.
=880  \\$6260-03$aمصر :$bالمطبعة الوهبية،$c[1298 [1881]]
=959  \\$aNNU$bWEB$cGENI$t0$mElectronic access$s01
=999  \\$iNjP_2540472$o(OCoLC)ocm41630212$sprinceton_aco003819:$e(ERROR-MISC)$sprinceton_aco003819:

