=LDR  02143nam a2200313Mi 4500
=001  2788215
=003  NjP
=006  m\\\\\\\\d\\\\\\\\
=007  cr\cn\|||m|||a
=008  200626s1908\\\\ua\\\\\\o\\\\\000\0\ara\d
=040  \\$aZYU$bara$erda$cZYU
=100  1\$6880-01$aNabhānī, Yūsuf ibn Ismāʻīl,$d1849 or 1850-1932.
=245  10$6880-02$aSaʻādat al-anām fī ittibāʻ dīn al-Islām wa-tawḍīḥ al-farq baynahu wa-bayna dīn al-Naṣārā fī al-ʻaqāʼid wa-al-aḥkām wa-yalīhā Mukhtaṣar irshād al-ḥayārā fī taḥdhīr al-Muslimīn min madāris al-Naṣārā.
=260  \\$aCairo :$b[publisher not identified],$c1326? [1908?]
=300  \\$aonline resource (46, 20 pages)
=336  \\$atext$2rdacontent
=337  \\$acomputer$2rdamedia
=338  \\$aonline resource$2rdacarrier
=500  \\$aPart of the Arabic Collections Online (ACO) project, contributed by Princeton University Libraries.
=533  \\$aElectronic reproduction.$bNew York, N.Y. :$cNew York University,$d2020.$5NNU
=546  \\$aIn Arabic.
=710  2\$aPrinceton University.$bLibrary.
=730  0\$aArabic Collections Online.
=776  08$iPrint version:$aNabhānī, Yūsuf ibn Ismāʻīl, 1849 or 1850-1932.$tSaʻādat al-anām fī ittibāʻ dīn al-Islām wa-tawḍīḥ al-farq baynahu wa-bayna dīn al-Naṣārā fī al-ʻaqāʼid wa-al-aḥkām wa-yalīhā Mukhtaṣar irshād al-ḥayārā fī taḥdhīr al-Muslimīn min madāris al-Naṣārā$w(NjP)2788215$w(OCoLC)42866794
=856  40$uhttp://hdl.handle.net/2333.1/41ns227s 
=880  1\$6100-01$aنبهاني، يوسف بن اسماعيل،$d1849 or 1850-1932.
=880  10$6245-02$aسعادة الانام في اتباع دين الاسلام وتوضيح الفرق بينه وبين دين النصارى في العقائد والاحكام ويليها مختصر ارشاد الحيارى في تحذير المسلمين من مدارس النصارى.
=959  \\$aNNU$bWEB$cGENI$t0$mElectronic access$s01
=999  \\$iNjP_2788215$o(OCoLC)ocm42866794$sprinceton_aco004346:$e(ERROR-880)(ERROR-MISC)$sprinceton_aco004346:

