=LDR  01708nam a2200373Mi 4500
=001  2834295
=003  NjP
=006  m\\\\\\\\d\\\\\\\\
=007  cr\cn\|||m|||a
=008  200626s1958\\\\sy\\\\\\ob\\\\000\0\ara\d
=040  \\$aZYU$bara$erda$cZYU
=100  1\$6880-01$aṢāliḥ, Ṣubḥī.
=245  10$6880-02$aMabahith fi 'ulum al-Quran /$cSubhi al-Salih.
=260  \\$6880-03$aDimashq :$bMaṭbaʻat al-Jāmiʻah al-Sūrīyah,$c1958.
=300  \\$aonline resource (313 pages)
=336  \\$atext$2rdacontent
=337  \\$acomputer$2rdamedia
=338  \\$aonline resource$2rdacarrier
=500  \\$aPart of the Arabic Collections Online (ACO) project, contributed by Princeton University Libraries.
=533  \\$aElectronic reproduction.$bNew York, N.Y. :$cNew York University,$d2020.$5NNU
=546  \\$aIn Arabic.
=504  \\$aIncludes biblioigrapy, index and errata page.
=630  00$aQurʼan$xCriticism, interpretation, etc.
=630  07$aQurʼan.$2fast$0(OCoLC)fst01842877
=655  \7$aCriticism, interpretation, etc.$2fast$0(OCoLC)fst01411635
=710  2\$aPrinceton University.$bLibrary.
=730  0\$aArabic Collections Online.
=776  08$iPrint version:$aṢāliḥ, Ṣubḥī.$tMabahith fi 'ulum al-Quran$w(NjP)2834295$w(OCoLC)42898898
=856  40$uhttp://hdl.handle.net/2333.1/c2fqzgp9 
=880  1\$6100-01$aصالح، صبحي.
=880  10$6245-02$aمباحث في علوم القرآن /$cتأليف صبحي الصالح.
=880  \\$6260-03$aدمشق :$cمطبعة الجامعة السورية،$c١٩٥٨.
=959  \\$aNNU$bWEB$cGENI$t0$mElectronic access$s01
=999  \\$iNjP_2834295$o(OCoLC)ocm42898898$sprinceton_aco003960:$e(ERROR-MISC)$sprinceton_aco003960:

