=LDR  01903nam a2200409Mi 4500
=001  856917
=003  NjP
=006  m\\\\\\\\d\\\\\\\\
=007  cr\cn\|||m|||a
=008  200626s1974\\\\ir\\\\\\o\\\\\000\0\ara\d
=040  \\$aZYU$bara$erda$cZYU
=100  1\$6880-01$aKaramānī, Muḥammad Karīm Khān.
=245  13$6880-02$aal-Maqtal /$cmin muʼalifāt Muḥammad Karīm Khān al-Karmānī.
=250  \\$6880-03$aal-Ṭabʻah 1.
=260  \\$6880-04$aKarmān [Iran] :$bMaṭbaʻat al-Saʻādah,$c1353 [1974]
=300  \\$aonline resource (205 pages)
=336  \\$atext$2rdacontent
=337  \\$acomputer$2rdamedia
=338  \\$aonline resource$2rdacarrier
=500  \\$aPart of the Arabic Collections Online (ACO) project, contributed by Princeton University Libraries.
=533  \\$aElectronic reproduction.$bNew York, N.Y. :$cNew York University,$d2020.$5NNU
=600  00$aḤusayn ibn ʻAlī,$d-680$xDeath.
=650  \0$aImams (Shiites)$vBiography.
=600  07$aḤusayn ibn ʻAlī,$d-680$2fast$0(OCoLC)fst01825184
=650  \7$aDeath.$2fast$0(OCoLC)fst00888613
=650  \7$aImams (Shiites)$2fast$0(OCoLC)fst00967650
=655  \7$aBiographies.$2fast$0(OCoLC)fst01919896
=710  2\$aPrinceton University.$bLibrary.
=730  0\$aArabic Collections Online.
=776  08$iPrint version:$aKaramānī, Muḥammad Karīm Khān.$tal-Maqtal$w(NjP)856917$w(OCoLC)29685264
=856  40$uhttp://hdl.handle.net/2333.1/905qg4jt 
=880  1\$6100-01$aكرماني، محمد كريم خان.
=880  12$6245-02$aالمقتل /$cمن مؤلفات محمد كريم خان الكرماني.
=880  \\$6250-03$aالطبعة 1.
=880  \\$6260-04$aكرمان [ايران] :$bمطبعة السعادة،$c1353 [1974] 
=959  \\$aNNU$bWEB$cGENI$t0$mElectronic access$s01
=999  \\$iNjP_856917$o(OCoLC)ocm29685264$sprinceton_aco003025$e(ERROR-MISC)$sprinceton_aco003025

